[{"id":3117292774,"price":"16959.90","qty":"0.265","quoteQty":"4494.37","time":1669978856098,"isBuyerMaker":true},{"id":3117292775,"price":"16959.90","qty":"0.533","quoteQty":"9039.62","time":1669978856098,"isBuyerMaker":true},{"id":3117292776,"price":"16959.90","qty":"0.004","quoteQty":"67.83","time":1669978856098,"isBuyerMaker":true},{"id":3117292777,"price":"16959.90","qty":"0.003","quoteQty":"50.87","time":1669978856098,"isBuyerMaker":true},{"id":3117292778,"price":"16959.90","qty":"0.017","quoteQty":"288.31","time":1669978856098,"isBuyerMaker":true},{"id":3117292779,"price":"16959.90","qty":"0.214","quoteQty":"3629.41","time":1669978856110,"isBuyerMaker":true},{"id":3117292780,"price":"16959.90","qty":"0.001","quoteQty":"16.95","time":1669978856110,"isBuyerMaker":true},{"id":3117292781,"price":"16959.90","qty":"0.001","quoteQty":"16.95","time":1669978856110,"isBuyerMaker":true},{"id":3117292782,"price":"16959.90","qty":"0.002","quoteQty":"33.91","time":1669978856110,"isBuyerMaker":true},{"id":3117292783,"price":"16959.90","qty":"0.002","quoteQty":"33.91","time":1669978856110,"isBuyerMaker":true},{"id":3117292784,"price":"16959.90","qty":"0.019","quoteQty":"322.23","time":1669978856110,"isBuyerMaker":true},{"id":3117292785,"price":"16959.90","qty":"0.003","quoteQty":"50.87","time":1669978856110,"isBuyerMaker":true},{"id":3117292786,"price":"16959.90","qty":"0.001","quoteQty":"16.95","time":1669978856110,"isBuyerMaker":true},{"id":3117292787,"price":"16959.90","qty":"0.003","quoteQty":"50.87","time":1669978856110,"isBuyerMaker":true},{"id":3117292788,"price":"16959.90","qty":"0.024","quoteQty":"407.03","time":1669978856110,"isBuyerMaker":true},{"id":3117292789,"price":"16959.90","qty":"0.484","quoteQty":"8208.59","time":1669978856110,"isBuyerMaker":true},{"id":3117292790,"price":"16959.90","qty":"0.016","quoteQty":"271.35","time":1669978856110,"isBuyerMaker":true},{"id":3117292791,"price":"16959.90","qty":"0.472","quoteQty":"8005.07","time":1669978856110,"isBuyerMaker":true},{"id":3117292792,"price":"16959.90","qty":"0.118","quoteQty":"2001.26","time":1669978856111,"isBuyerMaker":true},{"id":3117292793,"price":"16959.90","qty":"0.064","quoteQty":"1085.43","time":1669978856111,"isBuyerMaker":true},{"id":3117292794,"price":"16959.90","qty":"0.001","quoteQty":"16.95","time":1669978856111,"isBuyerMaker":true},{"id":3117292795,"price":"16959.90","qty":"0.055","quoteQty":"932.79","time":1669978856111,"isBuyerMaker":true},{"id":3117292796,"price":"16959.90","qty":"0.041","quoteQty":"695.35","time":1669978856111,"isBuyerMaker":true},{"id":3117292797,"price":"16959.90","qty":"0.176","quoteQty":"2984.94","time":1669978856111,"isBuyerMaker":true},{"id":3117292798,"price":"16959.90","qty":"0.294","quoteQty":"4986.21","time":1669978856111,"isBuyerMaker":true},{"id":3117292799,"price":"16959.90","qty":"0.020","quoteQty":"339.19","time":1669978856111,"isBuyerMaker":true},{"id":3117292800,"price":"16959.90","qty":"0.001","quoteQty":"16.95","time":1669978856111,"isBuyerMaker":true},{"id":3117292801,"price":"16959.90","qty":"0.022","quoteQty":"373.11","time":1669978856111,"isBuyerMaker":true},{"id":3117292802,"price":"16959.90","qty":"0.047","quoteQty":"797.11","time":1669978856111,"isBuyerMaker":true},{"id":3117292803,"price":"16959.90","qty":"0.009","quoteQty":"152.63","time":1669978856111,"isBuyerMaker":true},{"id":3117292804,"price":"16959.90","qty":"0.001","quoteQty":"16.95","time":1669978856111,"isBuyerMaker":true},{"id":3117292805,"price":"16959.90","qty":"0.028","quoteQty":"474.87","time":1669978856111,"isBuyerMaker":true},{"id":3117292806,"price":"16959.90","qty":"0.045","quoteQty":"763.19","time":1669978856111,"isBuyerMaker":true},{"id":3117292807,"price":"16959.90","qty":"0.088","quoteQty":"1492.47","time":1669978856111,"isBuyerMaker":true},{"id":3117292808,"price":"16959.90","qty":"0.009","quoteQty":"152.63","time":1669978856111,"isBuyerMaker":true},{"id":3117292809,"price":"16959.90","qty":"0.012","quoteQty":"203.51","time":1669978856111,"isBuyerMaker":true},{"id":3117292810,"price":"16959.90","qty":"0.062","quoteQty":"1051.51","time":1669978856111,"isBuyerMaker":true},{"id":3117292811,"price":"16959.90","qty":"0.470","quoteQty":"7971.15","time":1669978856111,"isBuyerMaker":true},{"id":3117292812,"price":"16959.90","qty":"0.007","quoteQty":"118.71","time":1669978856111,"isBuyerMaker":true},{"id":3117292813,"price":"16959.90","qty":"0.397","quoteQty":"6733.08","time":1669978856111,"isBuyerMaker":true},{"id":3117292814,"price":"16959.90","qty":"0.035","quoteQty":"593.59","time":1669978856111,"isBuyerMaker":true},{"id":3117292815,"price":"16959.90","qty":"0.278","quoteQty":"4714.85","time":1669978856111,"isBuyerMaker":true},{"id":3117292816,"price":"16959.90","qty":"0.001","quoteQty":"16.95","time":1669978856111,"isBuyerMaker":true},{"id":3117292817,"price":"16959.80","qty":"0.013","quoteQty":"220.47","time":1669978856111,"isBuyerMaker":true},{"id":3117292818,"price":"16959.80","qty":"0.165","quoteQty":"2798.36","time":1669978856111,"isBuyerMaker":true},{"id":3117292819,"price":"16959.80","qty":"0.100","quoteQty":"1695.98","time":1669978856111,"isBuyerMaker":true},{"id":3117292820,"price":"16959.90","qty":"0.037","quoteQty":"627.51","time":1669978856123,"isBuyerMaker":false},{"id":3117292821,"price":"16959.90","qty":"0.037","quoteQty":"627.51","time":1669978856124,"isBuyerMaker":false},{"id":3117292822,"price":"16959.80","qty":"0.001","quoteQty":"16.95","time":1669978856125,"isBuyerMaker":true},{"id":3117292823,"price":"16959.80","qty":"0.065","quoteQty":"1102.38","time":1669978856125,"isBuyerMaker":true},{"id":3117292824,"price":"16959.80","qty":"0.124","quoteQty":"2103.01","time":1669978856125,"isBuyerMaker":true},{"id":3117292825,"price":"16959.80","qty":"0.022","quoteQty":"373.11","time":1669978856125,"isBuyerMaker":true},{"id":3117292826,"price":"16959.80","qty":"0.157","quoteQty":"2662.68","time":1669978856125,"isBuyerMaker":true},{"id":3117292827,"price":"16959.70","qty":"0.012","quoteQty":"203.51","time":1669978856125,"isBuyerMaker":true},{"id":3117292828,"price":"16959.70","qty":"0.055","quoteQty":"932.78","time":1669978856125,"isBuyerMaker":true},{"id":3117292829,"price":"16959.70","qty":"0.262","quoteQty":"4443.44","time":1669978856125,"isBuyerMaker":true},{"id":3117292830,"price":"16959.70","qty":"0.100","quoteQty":"1695.97","time":1669978856125,"isBuyerMaker":true},{"id":3117292831,"price":"16959.70","qty":"0.030","quoteQty":"508.79","time":1669978856125,"isBuyerMaker":true},{"id":3117292832,"price":"16959.60","qty":"0.001","quoteQty":"16.95","time":1669978856125,"isBuyerMaker":true},{"id":3117292833,"price":"16959.60","qty":"0.013","quoteQty":"220.47","time":1669978856125,"isBuyerMaker":true},{"id":3117292834,"price":"16959.60","qty":"0.001","quoteQty":"16.95","time":1669978856125,"isBuyerMaker":true},{"id":3117292835,"price":"16959.60","qty":"0.001","quoteQty":"16.95","time":1669978856125,"isBuyerMaker":true},{"id":3117292836,"price":"16959.60","qty":"0.001","quoteQty":"16.95","time":1669978856125,"isBuyerMaker":true},{"id":3117292837,"price":"16959.50","qty":"0.001","quoteQty":"16.95","time":1669978856125,"isBuyerMaker":true},{"id":3117292838,"price":"16959.50","qty":"0.019","quoteQty":"322.23","time":1669978856125,"isBuyerMaker":true},{"id":3117292839,"price":"16959.50","qty":"0.001","quoteQty":"16.95","time":1669978856125,"isBuyerMaker":true},{"id":3117292840,"price":"16959.50","qty":"0.023","quoteQty":"390.06","time":1669978856127,"isBuyerMaker":false},{"id":3117292841,"price":"16959.50","qty":"0.184","quoteQty":"3120.54","time":1669978856292,"isBuyerMaker":false},{"id":3117292842,"price":"16959.50","qty":"0.177","quoteQty":"3001.83","time":1669978856292,"isBuyerMaker":false},{"id":3117292843,"price":"16959.50","qty":"0.240","quoteQty":"4070.28","time":1669978856292,"isBuyerMaker":false},{"id":3117292844,"price":"16959.50","qty":"0.160","quoteQty":"2713.52","time":1669978856292,"isBuyerMaker":false},{"id":3117292845,"price":"16959.50","qty":"0.180","quoteQty":"3052.71","time":1669978856292,"isBuyerMaker":false},{"id":3117292846,"price":"16959.50","qty":"0.059","quoteQty":"1000.61","time":1669978856292,"isBuyerMaker":false},{"id":3117292847,"price":"16959.50","qty":"0.101","quoteQty":"1712.90","time":1669978856384,"isBuyerMaker":false},{"id":3117292848,"price":"16959.50","qty":"0.180","quoteQty":"3052.71","time":1669978856384,"isBuyerMaker":false},{"id":3117292849,"price":"16959.50","qty":"0.240","quoteQty":"4070.28","time":1669978856384,"isBuyerMaker":false},{"id":3117292850,"price":"16959.50","qty":"0.200","quoteQty":"3391.90","time":1669978856384,"isBuyerMaker":false},{"id":3117292851,"price":"16959.50","qty":"0.240","quoteQty":"4070.28","time":1669978856384,"isBuyerMaker":false},{"id":3117292852,"price":"16959.50","qty":"0.039","quoteQty":"661.42","time":1669978856384,"isBuyerMaker":false},{"id":3117292853,"price":"16959.50","qty":"0.201","quoteQty":"3408.85","time":1669978856615,"isBuyerMaker":false},{"id":3117292854,"price":"16959.50","qty":"0.174","quoteQty":"2950.95","time":1669978856615,"isBuyerMaker":false},{"id":3117292855,"price":"16959.50","qty":"0.014","quoteQty":"237.43","time":1669978856794,"isBuyerMaker":false},{"id":3117292856,"price":"16959.40","qty":"0.108","quoteQty":"1831.61","time":1669978856796,"isBuyerMaker":true},{"id":3117292857,"price":"16959.50","qty":"0.016","quoteQty":"271.35","time":1669978856821,"isBuyerMaker":false},{"id":3117292858,"price":"16959.40","qty":"0.050","quoteQty":"847.97","time":1669978856853,"isBuyerMaker":true},{"id":3117292859,"price":"16959.50","qty":"0.036","quoteQty":"610.54","time":1669978857018,"isBuyerMaker":false},{"id":3117292860,"price":"16959.50","qty":"0.022","quoteQty":"373.10","time":1669978857018,"isBuyerMaker":false},{"id":3117292861,"price":"16959.40","qty":"0.005","quoteQty":"84.79","time":1669978857883,"isBuyerMaker":true},{"id":3117292862,"price":"16959.50","qty":"0.018","quoteQty":"305.27","time":1669978858150,"isBuyerMaker":false},{"id":3117292863,"price":"16959.50","qty":"0.001","quoteQty":"16.95","time":1669978858230,"isBuyerMaker":false},{"id":3117292864,"price":"16959.50","qty":"0.070","quoteQty":"1187.16","time":1669978858347,"isBuyerMaker":false},{"id":3117292865,"price":"16959.40","qty":"0.013","quoteQty":"220.47","time":1669978858371,"isBuyerMaker":true},{"id":3117292866,"price":"16959.50","qty":"0.012","quoteQty":"203.51","time":1669978858416,"isBuyerMaker":false},{"id":3117292867,"price":"16959.40","qty":"0.077","quoteQty":"1305.87","time":1669978858452,"isBuyerMaker":true},{"id":3117292868,"price":"16959.50","qty":"0.011","quoteQty":"186.55","time":1669978858457,"isBuyerMaker":false},{"id":3117292869,"price":"16959.50","qty":"0.066","quoteQty":"1119.32","time":1669978858714,"isBuyerMaker":false},{"id":3117292870,"price":"16959.50","qty":"0.171","quoteQty":"2900.07","time":1669978858714,"isBuyerMaker":false},{"id":3117292871,"price":"16959.40","qty":"0.098","quoteQty":"1662.02","time":1669978858828,"isBuyerMaker":true},{"id":3117292872,"price":"16959.40","qty":"0.034","quoteQty":"576.61","time":1669978859376,"isBuyerMaker":true},{"id":3117292873,"price":"16959.50","qty":"0.009","quoteQty":"152.63","time":1669978859726,"isBuyerMaker":false},{"id":3117292874,"price":"16959.50","qty":"0.160","quoteQty":"2713.52","time":1669978859726,"isBuyerMaker":false},{"id":3117292875,"price":"16959.50","qty":"0.200","quoteQty":"3391.90","time":1669978859726,"isBuyerMaker":false},{"id":3117292876,"price":"16959.50","qty":"0.070","quoteQty":"1187.16","time":1669978859726,"isBuyerMaker":false},{"id":3117292877,"price":"16959.50","qty":"0.001","quoteQty":"16.95","time":1669978859790,"isBuyerMaker":false},{"id":3117292878,"price":"16959.40","qty":"0.004","quoteQty":"67.83","time":1669978859932,"isBuyerMaker":true},{"id":3117292879,"price":"16959.40","qty":"0.001","quoteQty":"16.95","time":1669978859938,"isBuyerMaker":true},{"id":3117292880,"price":"16959.40","qty":"0.001","quoteQty":"16.95","time":1669978859941,"isBuyerMaker":true},{"id":3117292881,"price":"16959.40","qty":"0.003","quoteQty":"50.87","time":1669978859955,"isBuyerMaker":true},{"id":3117292882,"price":"16959.40","qty":"0.001","quoteQty":"16.95","time":1669978859966,"isBuyerMaker":true},{"id":3117292883,"price":"16959.40","qty":"0.001","quoteQty":"16.95","time":1669978859969,"isBuyerMaker":true},{"id":3117292884,"price":"16959.40","qty":"0.005","quoteQty":"84.79","time":1669978859970,"isBuyerMaker":true},{"id":3117292885,"price":"16959.40","qty":"0.001","quoteQty":"16.95","time":1669978859980,"isBuyerMaker":true},{"id":3117292886,"price":"16959.50","qty":"0.020","quoteQty":"339.19","time":1669978860255,"isBuyerMaker":false},{"id":3117292887,"price":"16959.50","qty":"0.069","quoteQty":"1170.20","time":1669978860552,"isBuyerMaker":false},{"id":3117292888,"price":"16959.50","qty":"0.180","quoteQty":"3052.71","time":1669978860552,"isBuyerMaker":false},{"id":3117292889,"price":"16959.50","qty":"0.200","quoteQty":"3391.90","time":1669978860552,"isBuyerMaker":false},{"id":3117292890,"price":"16959.50","qty":"0.240","quoteQty":"4070.28","time":1669978860552,"isBuyerMaker":false},{"id":3117292891,"price":"16959.50","qty":"0.074","quoteQty":"1255.00","time":1669978860552,"isBuyerMaker":false},{"id":3117292892,"price":"16959.40","qty":"0.950","quoteQty":"16111.43","time":1669978860931,"isBuyerMaker":true},{"id":3117292893,"price":"16959.40","qty":"0.011","quoteQty":"186.55","time":1669978860967,"isBuyerMaker":true},{"id":3117292894,"price":"16959.40","qty":"0.118","quoteQty":"2001.20","time":1669978861039,"isBuyerMaker":true},{"id":3117292895,"price":"16959.40","qty":"0.001","quoteQty":"16.95","time":1669978861041,"isBuyerMaker":true},{"id":3117292896,"price":"16959.50","qty":"0.166","quoteQty":"2815.27","time":1669978862047,"isBuyerMaker":false},{"id":3117292897,"price":"16959.50","qty":"0.180","quoteQty":"3052.71","time":1669978862047,"isBuyerMaker":false},{"id":3117292898,"price":"16959.50","qty":"0.006","quoteQty":"101.75","time":1669978862047,"isBuyerMaker":false},{"id":3117292899,"price":"16959.50","qty":"0.092","quoteQty":"1560.27","time":1669978862158,"isBuyerMaker":false},{"id":3117292900,"price":"16959.40","qty":"0.010","quoteQty":"169.59","time":1669978862239,"isBuyerMaker":true},{"id":3117292901,"price":"16959.50","qty":"0.029","quoteQty":"491.82","time":1669978862460,"isBuyerMaker":false},{"id":3117292902,"price":"16959.50","qty":"0.033","quoteQty":"559.66","time":1669978862789,"isBuyerMaker":false},{"id":3117292903,"price":"16959.50","qty":"0.160","quoteQty":"2713.52","time":1669978862789,"isBuyerMaker":false},{"id":3117292904,"price":"16959.50","qty":"0.086","quoteQty":"1458.51","time":1669978862789,"isBuyerMaker":false},{"id":3117292905,"price":"16959.50","qty":"0.016","quoteQty":"271.35","time":1669978863014,"isBuyerMaker":false},{"id":3117292906,"price":"16959.40","qty":"0.002","quoteQty":"33.91","time":1669978863098,"isBuyerMaker":true},{"id":3117292907,"price":"16959.40","qty":"0.038","quoteQty":"644.45","time":1669978863227,"isBuyerMaker":true},{"id":3117292908,"price":"16959.40","qty":"0.004","quoteQty":"67.83","time":1669978863227,"isBuyerMaker":true},{"id":3117292909,"price":"16959.40","qty":"0.001","quoteQty":"16.95","time":1669978863227,"isBuyerMaker":true},{"id":3117292910,"price":"16959.40","qty":"0.013","quoteQty":"220.47","time":1669978863227,"isBuyerMaker":true},{"id":3117292911,"price":"16959.40","qty":"0.023","quoteQty":"390.06","time":1669978863227,"isBuyerMaker":true},{"id":3117292912,"price":"16959.40","qty":"0.001","quoteQty":"16.95","time":1669978863227,"isBuyerMaker":true},{"id":3117292913,"price":"16959.40","qty":"0.012","quoteQty":"203.51","time":1669978863227,"isBuyerMaker":true},{"id":3117292914,"price":"16959.40","qty":"0.001","quoteQty":"16.95","time":1669978863227,"isBuyerMaker":true},{"id":3117292915,"price":"16959.40","qty":"0.001","quoteQty":"16.95","time":1669978863227,"isBuyerMaker":true},{"id":3117292916,"price":"16959.40","qty":"0.001","quoteQty":"16.95","time":1669978863227,"isBuyerMaker":true},{"id":3117292917,"price":"16959.40","qty":"0.001","quoteQty":"16.95","time":1669978863227,"isBuyerMaker":true},{"id":3117292918,"price":"16959.40","qty":"0.004","quoteQty":"67.83","time":1669978863227,"isBuyerMaker":true},{"id":3117292919,"price":"16959.40","qty":"0.013","quoteQty":"220.47","time":1669978863227,"isBuyerMaker":true},{"id":3117292920,"price":"16959.40","qty":"0.006","quoteQty":"101.75","time":1669978863227,"isBuyerMaker":true},{"id":3117292921,"price":"16959.40","qty":"0.003","quoteQty":"50.87","time":1669978863227,"isBuyerMaker":true},{"id":3117292922,"price":"16959.40","qty":"0.146","quoteQty":"2476.07","time":1669978863227,"isBuyerMaker":true},{"id":3117292923,"price":"16959.40","qty":"0.015","quoteQty":"254.39","time":1669978863387,"isBuyerMaker":true},{"id":3117292924,"price":"16959.40","qty":"0.070","quoteQty":"1187.15","time":1669978863417,"isBuyerMaker":true},{"id":3117292925,"price":"16959.40","qty":"0.500","quoteQty":"8479.70","time":1669978863884,"isBuyerMaker":true},{"id":3117292926,"price":"16959.40","qty":"0.300","quoteQty":"5087.82","time":1669978864156,"isBuyerMaker":true},{"id":3117292927,"price":"16959.40","qty":"0.400","quoteQty":"6783.76","time":1669978864290,"isBuyerMaker":true},{"id":3117292928,"price":"16959.50","qty":"0.078","quoteQty":"1322.84","time":1669978864650,"isBuyerMaker":false},{"id":3117292929,"price":"16959.50","qty":"0.056","quoteQty":"949.73","time":1669978864650,"isBuyerMaker":false},{"id":3117292930,"price":"16959.40","qty":"0.072","quoteQty":"1221.07","time":1669978864703,"isBuyerMaker":true},{"id":3117292931,"price":"16959.40","qty":"0.001","quoteQty":"16.95","time":1669978864741,"isBuyerMaker":true},{"id":3117292932,"price":"16959.40","qty":"0.025","quoteQty":"423.98","time":1669978865010,"isBuyerMaker":true},{"id":3117292933,"price":"16959.40","qty":"0.008","quoteQty":"135.67","time":1669978865017,"isBuyerMaker":true},{"id":3117292934,"price":"16959.40","qty":"0.005","quoteQty":"84.79","time":1669978865116,"isBuyerMaker":true},{"id":3117292935,"price":"16959.50","qty":"0.184","quoteQty":"3120.54","time":1669978865136,"isBuyerMaker":false},{"id":3117292936,"price":"16959.50","qty":"0.200","quoteQty":"3391.90","time":1669978865136,"isBuyerMaker":false},{"id":3117292937,"price":"16959.50","qty":"0.180","quoteQty":"3052.71","time":1669978865136,"isBuyerMaker":false},{"id":3117292938,"price":"16959.50","qty":"0.240","quoteQty":"4070.28","time":1669978865136,"isBuyerMaker":false},{"id":3117292939,"price":"16959.50","qty":"0.200","quoteQty":"3391.90","time":1669978865136,"isBuyerMaker":false},{"id":3117292940,"price":"16959.50","qty":"0.180","quoteQty":"3052.71","time":1669978865136,"isBuyerMaker":false},{"id":3117292941,"price":"16959.50","qty":"0.053","quoteQty":"898.85","time":1669978865136,"isBuyerMaker":false},{"id":3117292942,"price":"16959.50","qty":"0.009","quoteQty":"152.63","time":1669978865185,"isBuyerMaker":false},{"id":3117292943,"price":"16959.40","qty":"0.006","quoteQty":"101.75","time":1669978865214,"isBuyerMaker":true},{"id":3117292944,"price":"16959.40","qty":"0.006","quoteQty":"101.75","time":1669978865230,"isBuyerMaker":true},{"id":3117292945,"price":"16959.40","qty":"0.002","quoteQty":"33.91","time":1669978865574,"isBuyerMaker":true},{"id":3117292946,"price":"16959.40","qty":"0.009","quoteQty":"152.63","time":1669978865758,"isBuyerMaker":true},{"id":3117292947,"price":"16959.40","qty":"0.012","quoteQty":"203.51","time":1669978865808,"isBuyerMaker":true},{"id":3117292948,"price":"16959.40","qty":"0.165","quoteQty":"2798.30","time":1669978865812,"isBuyerMaker":true},{"id":3117292949,"price":"16959.50","qty":"0.064","quoteQty":"1085.40","time":1669978866227,"isBuyerMaker":false},{"id":3117292950,"price":"16959.40","qty":"0.294","quoteQty":"4986.06","time":1669978866319,"isBuyerMaker":true},{"id":3117292951,"price":"16959.40","qty":"0.684","quoteQty":"11600.22","time":1669978866617,"isBuyerMaker":true},{"id":3117292952,"price":"16959.40","qty":"0.499","quoteQty":"8462.74","time":1669978866617,"isBuyerMaker":true},{"id":3117292953,"price":"16959.50","qty":"0.034","quoteQty":"576.62","time":1669978866859,"isBuyerMaker":false},{"id":3117292954,"price":"16959.50","qty":"0.176","quoteQty":"2984.87","time":1669978866859,"isBuyerMaker":false},{"id":3117292955,"price":"16959.50","qty":"0.024","quoteQty":"407.02","time":1669978867808,"isBuyerMaker":false},{"id":3117292956,"price":"16959.50","qty":"0.007","quoteQty":"118.71","time":1669978867808,"isBuyerMaker":false},{"id":3117292957,"price":"16959.50","qty":"0.112","quoteQty":"1899.46","time":1669978867889,"isBuyerMaker":false},{"id":3117292958,"price":"16959.50","qty":"0.061","quoteQty":"1034.52","time":1669978867954,"isBuyerMaker":false},{"id":3117292959,"price":"16959.50","qty":"0.192","quoteQty":"3256.22","time":1669978867954,"isBuyerMaker":false},{"id":3117292960,"price":"16959.50","qty":"0.008","quoteQty":"135.67","time":1669978868157,"isBuyerMaker":false},{"id":3117292961,"price":"16959.50","qty":"0.160","quoteQty":"2713.52","time":1669978868157,"isBuyerMaker":false},{"id":3117292962,"price":"16959.50","qty":"0.141","quoteQty":"2391.28","time":1669978868157,"isBuyerMaker":false},{"id":3117292963,"price":"16959.40","qty":"0.002","quoteQty":"33.91","time":1669978868861,"isBuyerMaker":true},{"id":3117292964,"price":"16959.50","qty":"0.019","quoteQty":"322.23","time":1669978868892,"isBuyerMaker":false},{"id":3117292965,"price":"16959.50","qty":"0.107","quoteQty":"1814.66","time":1669978868892,"isBuyerMaker":false},{"id":3117292966,"price":"16959.50","qty":"0.093","quoteQty":"1577.23","time":1669978869417,"isBuyerMaker":false},{"id":3117292967,"price":"16959.50","qty":"0.029","quoteQty":"491.82","time":1669978869417,"isBuyerMaker":false},{"id":3117292968,"price":"16959.50","qty":"0.059","quoteQty":"1000.61","time":1669978869419,"isBuyerMaker":false},{"id":3117292969,"price":"16959.50","qty":"0.112","quoteQty":"1899.46","time":1669978869766,"isBuyerMaker":false},{"id":3117292970,"price":"16959.50","qty":"0.180","quoteQty":"3052.71","time":1669978869766,"isBuyerMaker":false},{"id":3117292971,"price":"16959.50","qty":"0.240","quoteQty":"4070.28","time":1669978869766,"isBuyerMaker":false},{"id":3117292972,"price":"16959.50","qty":"0.027","quoteQty":"457.90","time":1669978869766,"isBuyerMaker":false},{"id":3117292973,"price":"16959.50","qty":"0.001","quoteQty":"16.95","time":1669978869998,"isBuyerMaker":false},{"id":3117292974,"price":"16959.40","qty":"0.240","quoteQty":"4070.25","time":1669978870123,"isBuyerMaker":true},{"id":3117292975,"price":"16959.50","qty":"0.006","quoteQty":"101.75","time":1669978870437,"isBuyerMaker":false},{"id":3117292976,"price":"16959.40","qty":"0.001","quoteQty":"16.95","time":1669978870583,"isBuyerMaker":true},{"id":3117292977,"price":"16959.40","qty":"0.018","quoteQty":"305.26","time":1669978870797,"isBuyerMaker":true},{"id":3117292978,"price":"16959.40","qty":"0.010","quoteQty":"169.59","time":1669978870797,"isBuyerMaker":true},{"id":3117292979,"price":"16959.40","qty":"0.031","quoteQty":"525.74","time":1669978870843,"isBuyerMaker":true},{"id":3117292980,"price":"16959.50","qty":"0.007","quoteQty":"118.71","time":1669978870848,"isBuyerMaker":false},{"id":3117292981,"price":"16959.50","qty":"0.010","quoteQty":"169.59","time":1669978870855,"isBuyerMaker":false},{"id":3117292982,"price":"16959.50","qty":"0.003","quoteQty":"50.87","time":1669978871187,"isBuyerMaker":false},{"id":3117292983,"price":"16959.50","qty":"0.010","quoteQty":"169.59","time":1669978871318,"isBuyerMaker":false},{"id":3117292984,"price":"16959.50","qty":"0.078","quoteQty":"1322.84","time":1669978871570,"isBuyerMaker":false},{"id":3117292985,"price":"16959.40","qty":"1.159","quoteQty":"19655.94","time":1669978871656,"isBuyerMaker":true},{"id":3117292986,"price":"16959.40","qty":"0.525","quoteQty":"8903.68","time":1669978871656,"isBuyerMaker":true},{"id":3117292987,"price":"16959.40","qty":"0.026","quoteQty":"440.94","time":1669978871656,"isBuyerMaker":true},{"id":3117292988,"price":"16959.40","qty":"0.001","quoteQty":"16.95","time":1669978871656,"isBuyerMaker":true},{"id":3117292989,"price":"16959.40","qty":"0.004","quoteQty":"67.83","time":1669978871656,"isBuyerMaker":true},{"id":3117292990,"price":"16959.40","qty":"0.001","quoteQty":"16.95","time":1669978871656,"isBuyerMaker":true},{"id":3117292991,"price":"16959.40","qty":"0.033","quoteQty":"559.66","time":1669978871656,"isBuyerMaker":true},{"id":3117292992,"price":"16959.40","qty":"0.030","quoteQty":"508.78","time":1669978872145,"isBuyerMaker":true},{"id":3117292993,"price":"16959.40","qty":"0.003","quoteQty":"50.87","time":1669978872342,"isBuyerMaker":true},{"id":3117292994,"price":"16959.40","qty":"0.126","quoteQty":"2136.88","time":1669978872759,"isBuyerMaker":true},{"id":3117292995,"price":"16959.50","qty":"0.016","quoteQty":"271.35","time":1669978872883,"isBuyerMaker":false},{"id":3117292996,"price":"16959.50","qty":"0.001","quoteQty":"16.95","time":1669978873215,"isBuyerMaker":false},{"id":3117292997,"price":"16959.40","qty":"0.137","quoteQty":"2323.43","time":1669978873339,"isBuyerMaker":true},{"id":3117292998,"price":"16959.50","qty":"0.005","quoteQty":"84.79","time":1669978873480,"isBuyerMaker":false},{"id":3117292999,"price":"16959.40","qty":"0.011","quoteQty":"186.55","time":1669978873562,"isBuyerMaker":true},{"id":3117293000,"price":"16959.40","qty":"1.091","quoteQty":"18502.70","time":1669978873599,"isBuyerMaker":true},{"id":3117293001,"price":"16959.40","qty":"0.101","quoteQty":"1712.89","time":1669978873599,"isBuyerMaker":true},{"id":3117293002,"price":"16959.40","qty":"0.035","quoteQty":"593.57","time":1669978873882,"isBuyerMaker":true},{"id":3117293003,"price":"16959.40","qty":"0.019","quoteQty":"322.22","time":1669978873967,"isBuyerMaker":true},{"id":3117293004,"price":"16959.50","qty":"0.019","quoteQty":"322.23","time":1669978873987,"isBuyerMaker":false},{"id":3117293005,"price":"16959.50","qty":"0.014","quoteQty":"237.43","time":1669978874207,"isBuyerMaker":false},{"id":3117293006,"price":"16959.40","qty":"0.003","quoteQty":"50.87","time":1669978874449,"isBuyerMaker":true},{"id":3117293007,"price":"16959.50","qty":"0.008","quoteQty":"135.67","time":1669978874618,"isBuyerMaker":false},{"id":3117293008,"price":"16959.40","qty":"0.192","quoteQty":"3256.20","time":1669978874628,"isBuyerMaker":true},{"id":3117293009,"price":"16959.40","qty":"0.507","quoteQty":"8598.41","time":1669978874628,"isBuyerMaker":true},{"id":3117293010,"price":"16959.50","qty":"0.432","quoteQty":"7326.50","time":1669978874676,"isBuyerMaker":false},{"id":3117293011,"price":"16959.50","qty":"0.007","quoteQty":"118.71","time":1669978874883,"isBuyerMaker":false},{"id":3117293012,"price":"16959.50","qty":"0.021","quoteQty":"356.14","time":1669978874884,"isBuyerMaker":false},{"id":3117293013,"price":"16959.40","qty":"0.051","quoteQty":"864.92","time":1669978874926,"isBuyerMaker":true},{"id":3117293014,"price":"16959.50","qty":"0.070","quoteQty":"1187.16","time":1669978875077,"isBuyerMaker":false},{"id":3117293015,"price":"16959.40","qty":"0.002","quoteQty":"33.91","time":1669978875231,"isBuyerMaker":true},{"id":3117293016,"price":"16959.40","qty":"0.001","quoteQty":"16.95","time":1669978875231,"isBuyerMaker":true},{"id":3117293017,"price":"16959.40","qty":"0.797","quoteQty":"13516.64","time":1669978875231,"isBuyerMaker":true},{"id":3117293018,"price":"16959.50","qty":"0.003","quoteQty":"50.87","time":1669978875324,"isBuyerMaker":false},{"id":3117293019,"price":"16959.50","qty":"0.357","quoteQty":"6054.54","time":1669978875502,"isBuyerMaker":false},{"id":3117293020,"price":"16959.40","qty":"0.018","quoteQty":"305.26","time":1669978875914,"isBuyerMaker":true},{"id":3117293021,"price":"16959.40","qty":"0.009","quoteQty":"152.63","time":1669978875981,"isBuyerMaker":true},{"id":3117293022,"price":"16959.50","qty":"0.554","quoteQty":"9395.56","time":1669978876356,"isBuyerMaker":false},{"id":3117293023,"price":"16959.50","qty":"0.037","quoteQty":"627.50","time":1669978876564,"isBuyerMaker":false},{"id":3117293024,"price":"16959.50","qty":"0.025","quoteQty":"423.98","time":1669978876564,"isBuyerMaker":false},{"id":3117293025,"price":"16959.50","qty":"0.078","quoteQty":"1322.84","time":1669978876846,"isBuyerMaker":false},{"id":3117293026,"price":"16959.50","qty":"0.002","quoteQty":"33.91","time":1669978877188,"isBuyerMaker":false},{"id":3117293027,"price":"16959.50","qty":"0.001","quoteQty":"16.95","time":1669978877211,"isBuyerMaker":false},{"id":3117293028,"price":"16959.40","qty":"0.002","quoteQty":"33.91","time":1669978877255,"isBuyerMaker":true},{"id":3117293029,"price":"16959.50","qty":"0.132","quoteQty":"2238.65","time":1669978877458,"isBuyerMaker":false},{"id":3117293030,"price":"16959.50","qty":"0.010","quoteQty":"169.59","time":1669978877797,"isBuyerMaker":false},{"id":3117293031,"price":"16959.40","qty":"0.015","quoteQty":"254.39","time":1669978877889,"isBuyerMaker":true},{"id":3117293032,"price":"16959.40","qty":"0.004","quoteQty":"67.83","time":1669978878372,"isBuyerMaker":true},{"id":3117293033,"price":"16959.40","qty":"0.002","quoteQty":"33.91","time":1669978878372,"isBuyerMaker":true},{"id":3117293034,"price":"16959.40","qty":"0.001","quoteQty":"16.95","time":1669978878372,"isBuyerMaker":true},{"id":3117293035,"price":"16959.40","qty":"0.209","quoteQty":"3544.51","time":1669978878372,"isBuyerMaker":true},{"id":3117293036,"price":"16959.40","qty":"0.004","quoteQty":"67.83","time":1669978878372,"isBuyerMaker":true},{"id":3117293037,"price":"16959.40","qty":"0.142","quoteQty":"2408.23","time":1669978878372,"isBuyerMaker":true},{"id":3117293038,"price":"16959.40","qty":"0.147","quoteQty":"2493.03","time":1669978878372,"isBuyerMaker":true},{"id":3117293039,"price":"16959.40","qty":"0.092","quoteQty":"1560.26","time":1669978878372,"isBuyerMaker":true},{"id":3117293040,"price":"16959.40","qty":"0.148","quoteQty":"2509.99","time":1669978878372,"isBuyerMaker":true},{"id":3117293041,"price":"16959.40","qty":"0.686","quoteQty":"11634.14","time":1669978878372,"isBuyerMaker":true},{"id":3117293042,"price":"16959.40","qty":"0.247","quoteQty":"4188.97","time":1669978878372,"isBuyerMaker":true},{"id":3117293043,"price":"16959.40","qty":"0.435","quoteQty":"7377.33","time":1669978878376,"isBuyerMaker":true},{"id":3117293044,"price":"16959.40","qty":"0.001","quoteQty":"16.95","time":1669978878376,"isBuyerMaker":true},{"id":3117293045,"price":"16959.40","qty":"0.188","quoteQty":"3188.36","time":1669978878376,"isBuyerMaker":true},{"id":3117293046,"price":"16959.40","qty":"0.001","quoteQty":"16.95","time":1669978878376,"isBuyerMaker":true},{"id":3117293047,"price":"16959.40","qty":"0.004","quoteQty":"67.83","time":1669978878376,"isBuyerMaker":true},{"id":3117293048,"price":"16959.40","qty":"0.001","quoteQty":"16.95","time":1669978878376,"isBuyerMaker":true},{"id":3117293049,"price":"16959.40","qty":"1.233","quoteQty":"20910.94","time":1669978878376,"isBuyerMaker":true},{"id":3117293050,"price":"16959.40","qty":"0.011","quoteQty":"186.55","time":1669978878376,"isBuyerMaker":true},{"id":3117293051,"price":"16959.40","qty":"0.001","quoteQty":"16.95","time":1669978878376,"isBuyerMaker":true},{"id":3117293052,"price":"16959.40","qty":"0.008","quoteQty":"135.67","time":1669978878376,"isBuyerMaker":true},{"id":3117293053,"price":"16959.40","qty":"0.002","quoteQty":"33.91","time":1669978878376,"isBuyerMaker":true},{"id":3117293054,"price":"16959.40","qty":"0.001","quoteQty":"16.95","time":1669978878376,"isBuyerMaker":true},{"id":3117293055,"price":"16959.40","qty":"0.007","quoteQty":"118.71","time":1669978878376,"isBuyerMaker":true},{"id":3117293056,"price":"16959.40","qty":"0.023","quoteQty":"390.06","time":1669978878376,"isBuyerMaker":true},{"id":3117293057,"price":"16959.40","qty":"0.001","quoteQty":"16.95","time":1669978878376,"isBuyerMaker":true},{"id":3117293058,"price":"16959.40","qty":"0.024","quoteQty":"407.02","time":1669978878376,"isBuyerMaker":true},{"id":3117293059,"price":"16959.40","qty":"0.078","quoteQty":"1322.83","time":1669978878376,"isBuyerMaker":true},{"id":3117293060,"price":"16959.40","qty":"0.034","quoteQty":"576.61","time":1669978878376,"isBuyerMaker":true},{"id":3117293061,"price":"16959.40","qty":"0.010","quoteQty":"169.59","time":1669978878389,"isBuyerMaker":true},{"id":3117293062,"price":"16959.40","qty":"1.619","quoteQty":"27457.26","time":1669978878429,"isBuyerMaker":true},{"id":3117293063,"price":"16959.40","qty":"0.001","quoteQty":"16.95","time":1669978878429,"isBuyerMaker":true},{"id":3117293064,"price":"16959.30","qty":"0.426","quoteQty":"7224.66","time":1669978878429,"isBuyerMaker":true},{"id":3117293065,"price":"16959.30","qty":"0.546","quoteQty":"9259.77","time":1669978878435,"isBuyerMaker":true},{"id":3117293066,"price":"16959.30","qty":"0.013","quoteQty":"220.47","time":1669978878435,"isBuyerMaker":true},{"id":3117293067,"price":"16959.30","qty":"0.013","quoteQty":"220.47","time":1669978878435,"isBuyerMaker":true},{"id":3117293068,"price":"16959.30","qty":"0.013","quoteQty":"220.47","time":1669978878435,"isBuyerMaker":true},{"id":3117293069,"price":"16959.30","qty":"0.001","quoteQty":"16.95","time":1669978878435,"isBuyerMaker":true},{"id":3117293070,"price":"16959.30","qty":"0.001","quoteQty":"16.95","time":1669978878435,"isBuyerMaker":true},{"id":3117293071,"price":"16959.30","qty":"0.366","quoteQty":"6207.10","time":1669978878435,"isBuyerMaker":true},{"id":3117293072,"price":"16959.30","qty":"0.100","quoteQty":"1695.93","time":1669978878435,"isBuyerMaker":true},{"id":3117293073,"price":"16959.30","qty":"0.004","quoteQty":"67.83","time":1669978878435,"isBuyerMaker":true},{"id":3117293074,"price":"16959.20","qty":"0.010","quoteQty":"169.59","time":1669978878437,"isBuyerMaker":true},{"id":3117293075,"price":"16959.20","qty":"0.001","quoteQty":"16.95","time":1669978878437,"isBuyerMaker":true},{"id":3117293076,"price":"16959.10","qty":"0.095","quoteQty":"1611.11","time":1669978878437,"isBuyerMaker":true},{"id":3117293077,"price":"16959.10","qty":"0.001","quoteQty":"16.95","time":1669978878437,"isBuyerMaker":true},{"id":3117293078,"price":"16959.10","qty":"1.324","quoteQty":"22453.84","time":1669978878437,"isBuyerMaker":true},{"id":3117293079,"price":"16959.10","qty":"0.005","quoteQty":"84.79","time":1669978878449,"isBuyerMaker":true},{"id":3117293080,"price":"16959.10","qty":"0.203","quoteQty":"3442.69","time":1669978878500,"isBuyerMaker":true},{"id":3117293081,"price":"16959.10","qty":"0.008","quoteQty":"135.67","time":1669978878500,"isBuyerMaker":true},{"id":3117293082,"price":"16959.10","qty":"0.030","quoteQty":"508.77","time":1669978878500,"isBuyerMaker":true},{"id":3117293083,"price":"16959.00","qty":"0.100","quoteQty":"1695.90","time":1669978878500,"isBuyerMaker":true},{"id":3117293084,"price":"16959.00","qty":"0.015","quoteQty":"254.38","time":1669978878500,"isBuyerMaker":true},{"id":3117293085,"price":"16958.90","qty":"0.001","quoteQty":"16.95","time":1669978878500,"isBuyerMaker":true},{"id":3117293086,"price":"16958.80","qty":"0.001","quoteQty":"16.95","time":1669978878618,"isBuyerMaker":true},{"id":3117293087,"price":"16958.80","qty":"0.311","quoteQty":"5274.18","time":1669978878618,"isBuyerMaker":true},{"id":3117293088,"price":"16958.80","qty":"1.221","quoteQty":"20706.69","time":1669978878642,"isBuyerMaker":true},{"id":3117293089,"price":"16958.80","qty":"0.079","quoteQty":"1339.74","time":1669978878642,"isBuyerMaker":true},{"id":3117293090,"price":"16958.80","qty":"0.921","quoteQty":"15619.05","time":1669978878643,"isBuyerMaker":true},{"id":3117293091,"price":"16958.80","qty":"0.004","quoteQty":"67.83","time":1669978878643,"isBuyerMaker":true},{"id":3117293092,"price":"16958.70","qty":"0.001","quoteQty":"16.95","time":1669978878643,"isBuyerMaker":true},{"id":3117293093,"price":"16958.70","qty":"0.100","quoteQty":"1695.87","time":1669978878643,"isBuyerMaker":true},{"id":3117293094,"price":"16958.60","qty":"0.001","quoteQty":"16.95","time":1669978878643,"isBuyerMaker":true},{"id":3117293095,"price":"16958.60","qty":"0.020","quoteQty":"339.17","time":1669978878643,"isBuyerMaker":true},{"id":3117293096,"price":"16958.60","qty":"0.001","quoteQty":"16.95","time":1669978878643,"isBuyerMaker":true},{"id":3117293097,"price":"16958.50","qty":"1.532","quoteQty":"25980.42","time":1669978878643,"isBuyerMaker":true},{"id":3117293098,"price":"16958.50","qty":"0.001","quoteQty":"16.95","time":1669978878643,"isBuyerMaker":true},{"id":3117293099,"price":"16958.40","qty":"0.001","quoteQty":"16.95","time":1669978878871,"isBuyerMaker":false},{"id":3117293100,"price":"16958.40","qty":"0.087","quoteQty":"1475.38","time":1669978878920,"isBuyerMaker":false},{"id":3117293101,"price":"16958.40","qty":"0.050","quoteQty":"847.92","time":1669978879428,"isBuyerMaker":false},{"id":3117293102,"price":"16958.30","qty":"0.010","quoteQty":"169.58","time":1669978879655,"isBuyerMaker":true},{"id":3117293103,"price":"16958.30","qty":"0.001","quoteQty":"16.95","time":1669978879954,"isBuyerMaker":true},{"id":3117293104,"price":"16958.40","qty":"0.030","quoteQty":"508.75","time":1669978880218,"isBuyerMaker":false},{"id":3117293105,"price":"16958.40","qty":"0.117","quoteQty":"1984.13","time":1669978880218,"isBuyerMaker":false},{"id":3117293106,"price":"16958.40","qty":"0.017","quoteQty":"288.29","time":1669978880218,"isBuyerMaker":false},{"id":3117293107,"price":"16958.30","qty":"0.004","quoteQty":"67.83","time":1669978880553,"isBuyerMaker":true},{"id":3117293108,"price":"16958.30","qty":"0.142","quoteQty":"2408.07","time":1669978880553,"isBuyerMaker":true},{"id":3117293109,"price":"16958.30","qty":"0.240","quoteQty":"4069.99","time":1669978880553,"isBuyerMaker":true},{"id":3117293110,"price":"16958.30","qty":"0.002","quoteQty":"33.91","time":1669978880553,"isBuyerMaker":true},{"id":3117293111,"price":"16958.30","qty":"0.147","quoteQty":"2492.87","time":1669978880553,"isBuyerMaker":true},{"id":3117293112,"price":"16958.30","qty":"0.900","quoteQty":"15262.47","time":1669978880553,"isBuyerMaker":true},{"id":3117293113,"price":"16958.30","qty":"0.836","quoteQty":"14177.13","time":1669978880553,"isBuyerMaker":true},{"id":3117293114,"price":"16958.30","qty":"2.134","quoteQty":"36189.01","time":1669978880553,"isBuyerMaker":true},{"id":3117293115,"price":"16958.30","qty":"0.161","quoteQty":"2730.28","time":1669978880553,"isBuyerMaker":true},{"id":3117293116,"price":"16958.30","qty":"2.400","quoteQty":"40699.92","time":1669978880553,"isBuyerMaker":true},{"id":3117293117,"price":"16958.30","qty":"0.760","quoteQty":"12888.30","time":1669978880553,"isBuyerMaker":true},{"id":3117293118,"price":"16958.30","qty":"0.001","quoteQty":"16.95","time":1669978880553,"isBuyerMaker":true},{"id":3117293119,"price":"16958.30","qty":"0.004","quoteQty":"67.83","time":1669978880553,"isBuyerMaker":true},{"id":3117293120,"price":"16958.30","qty":"0.013","quoteQty":"220.45","time":1669978880553,"isBuyerMaker":true},{"id":3117293121,"price":"16958.30","qty":"0.022","quoteQty":"373.08","time":1669978880553,"isBuyerMaker":true},{"id":3117293122,"price":"16958.20","qty":"1.532","quoteQty":"25979.96","time":1669978880553,"isBuyerMaker":true},{"id":3117293123,"price":"16958.20","qty":"0.100","quoteQty":"1695.82","time":1669978880553,"isBuyerMaker":true},{"id":3117293124,"price":"16958.20","qty":"0.001","quoteQty":"16.95","time":1669978880553,"isBuyerMaker":true},{"id":3117293125,"price":"16958.00","qty":"0.001","quoteQty":"16.95","time":1669978880553,"isBuyerMaker":true},{"id":3117293126,"price":"16958.00","qty":"0.045","quoteQty":"763.11","time":1669978880555,"isBuyerMaker":false},{"id":3117293127,"price":"16957.90","qty":"1.532","quoteQty":"25979.50","time":1669978880555,"isBuyerMaker":true},{"id":3117293128,"price":"16957.90","qty":"0.002","quoteQty":"33.91","time":1669978880555,"isBuyerMaker":true},{"id":3117293129,"price":"16957.90","qty":"0.001","quoteQty":"16.95","time":1669978880555,"isBuyerMaker":true},{"id":3117293130,"price":"16957.80","qty":"0.005","quoteQty":"84.78","time":1669978880555,"isBuyerMaker":true},{"id":3117293131,"price":"16957.80","qty":"0.029","quoteQty":"491.77","time":1669978880555,"isBuyerMaker":true},{"id":3117293132,"price":"16957.80","qty":"0.013","quoteQty":"220.45","time":1669978880555,"isBuyerMaker":true},{"id":3117293133,"price":"16957.80","qty":"0.013","quoteQty":"220.45","time":1669978880555,"isBuyerMaker":true},{"id":3117293134,"price":"16957.80","qty":"0.012","quoteQty":"203.49","time":1669978880555,"isBuyerMaker":true},{"id":3117293135,"price":"16957.80","qty":"0.033","quoteQty":"559.60","time":1669978880555,"isBuyerMaker":true},{"id":3117293136,"price":"16957.80","qty":"0.008","quoteQty":"135.66","time":1669978880555,"isBuyerMaker":true},{"id":3117293137,"price":"16957.80","qty":"0.001","quoteQty":"16.95","time":1669978880555,"isBuyerMaker":true},{"id":3117293138,"price":"16957.70","qty":"0.012","quoteQty":"203.49","time":1669978880555,"isBuyerMaker":true},{"id":3117293139,"price":"16957.70","qty":"0.001","quoteQty":"16.95","time":1669978880555,"isBuyerMaker":true},{"id":3117293140,"price":"16957.60","qty":"0.357","quoteQty":"6053.86","time":1669978880555,"isBuyerMaker":true},{"id":3117293141,"price":"16957.60","qty":"0.001","quoteQty":"16.95","time":1669978880555,"isBuyerMaker":true},{"id":3117293142,"price":"16957.60","qty":"0.001","quoteQty":"16.95","time":1669978880555,"isBuyerMaker":true},{"id":3117293143,"price":"16957.60","qty":"1.532","quoteQty":"25979.04","time":1669978880555,"isBuyerMaker":true},{"id":3117293144,"price":"16957.60","qty":"0.020","quoteQty":"339.15","time":1669978880555,"isBuyerMaker":true},{"id":3117293145,"price":"16957.60","qty":"0.177","quoteQty":"3001.49","time":1669978880555,"isBuyerMaker":true},{"id":3117293146,"price":"16957.60","qty":"0.001","quoteQty":"16.95","time":1669978880555,"isBuyerMaker":true},{"id":3117293147,"price":"16957.50","qty":"0.177","quoteQty":"3001.47","time":1669978880555,"isBuyerMaker":true},{"id":3117293148,"price":"16957.50","qty":"0.001","quoteQty":"16.95","time":1669978880555,"isBuyerMaker":true},{"id":3117293149,"price":"16957.50","qty":"0.006","quoteQty":"101.74","time":1669978880555,"isBuyerMaker":true},{"id":3117293150,"price":"16957.50","qty":"0.006","quoteQty":"101.74","time":1669978880555,"isBuyerMaker":true},{"id":3117293151,"price":"16957.40","qty":"0.032","quoteQty":"542.63","time":1669978880555,"isBuyerMaker":true},{"id":3117293152,"price":"16957.40","qty":"0.001","quoteQty":"16.95","time":1669978880555,"isBuyerMaker":true},{"id":3117293153,"price":"16957.40","qty":"0.295","quoteQty":"5002.43","time":1669978880555,"isBuyerMaker":true},{"id":3117293154,"price":"16957.40","qty":"0.017","quoteQty":"288.27","time":1669978880555,"isBuyerMaker":true},{"id":3117293155,"price":"16957.40","qty":"0.011","quoteQty":"186.53","time":1669978880555,"isBuyerMaker":true},{"id":3117293156,"price":"16957.40","qty":"0.005","quoteQty":"84.78","time":1669978880555,"isBuyerMaker":true},{"id":3117293157,"price":"16957.40","qty":"0.003","quoteQty":"50.87","time":1669978880559,"isBuyerMaker":true},{"id":3117293158,"price":"16957.40","qty":"0.001","quoteQty":"16.95","time":1669978880559,"isBuyerMaker":true},{"id":3117293159,"price":"16957.30","qty":"0.083","quoteQty":"1407.45","time":1669978880573,"isBuyerMaker":true},{"id":3117293160,"price":"16957.30","qty":"1.231","quoteQty":"20874.43","time":1669978880574,"isBuyerMaker":true},{"id":3117293161,"price":"16957.30","qty":"0.218","quoteQty":"3696.69","time":1669978880577,"isBuyerMaker":true},{"id":3117293162,"price":"16957.30","qty":"0.177","quoteQty":"3001.44","time":1669978880577,"isBuyerMaker":true},{"id":3117293163,"price":"16957.30","qty":"0.040","quoteQty":"678.29","time":1669978880577,"isBuyerMaker":true},{"id":3117293164,"price":"16957.30","qty":"0.001","quoteQty":"16.95","time":1669978880577,"isBuyerMaker":true},{"id":3117293165,"price":"16957.20","qty":"0.025","quoteQty":"423.93","time":1669978880577,"isBuyerMaker":true},{"id":3117293166,"price":"16957.30","qty":"1.000","quoteQty":"16957.30","time":1669978880581,"isBuyerMaker":false},{"id":3117293167,"price":"16957.30","qty":"0.100","quoteQty":"1695.73","time":1669978880585,"isBuyerMaker":false},{"id":3117293168,"price":"16957.30","qty":"1.000","quoteQty":"16957.30","time":1669978880586,"isBuyerMaker":false},{"id":3117293169,"price":"16957.30","qty":"1.000","quoteQty":"16957.30","time":1669978880590,"isBuyerMaker":false},{"id":3117293170,"price":"16957.30","qty":"1.000","quoteQty":"16957.30","time":1669978880590,"isBuyerMaker":false},{"id":3117293171,"price":"16957.30","qty":"0.012","quoteQty":"203.48","time":1669978880594,"isBuyerMaker":false},{"id":3117293172,"price":"16957.30","qty":"0.088","quoteQty":"1492.24","time":1669978880594,"isBuyerMaker":false},{"id":3117293173,"price":"16957.30","qty":"0.100","quoteQty":"1695.73","time":1669978880615,"isBuyerMaker":false},{"id":3117293174,"price":"16957.30","qty":"1.000","quoteQty":"16957.30","time":1669978880617,"isBuyerMaker":false},{"id":3117293175,"price":"16957.20","qty":"0.001","quoteQty":"16.95","time":1669978880622,"isBuyerMaker":true},{"id":3117293176,"price":"16957.20","qty":"1.665","quoteQty":"28233.73","time":1669978880629,"isBuyerMaker":true},{"id":3117293177,"price":"16957.20","qty":"0.001","quoteQty":"16.95","time":1669978880629,"isBuyerMaker":true},{"id":3117293178,"price":"16957.20","qty":"0.046","quoteQty":"780.03","time":1669978880647,"isBuyerMaker":false},{"id":3117293179,"price":"16957.20","qty":"0.954","quoteQty":"16177.16","time":1669978880647,"isBuyerMaker":false},{"id":3117293180,"price":"16957.20","qty":"0.100","quoteQty":"1695.72","time":1669978880664,"isBuyerMaker":false},{"id":3117293181,"price":"16957.10","qty":"0.100","quoteQty":"1695.71","time":1669978880683,"isBuyerMaker":true},{"id":3117293182,"price":"16957.20","qty":"0.001","quoteQty":"16.95","time":1669978880684,"isBuyerMaker":false},{"id":3117293183,"price":"16957.10","qty":"0.700","quoteQty":"11869.97","time":1669978880712,"isBuyerMaker":true},{"id":3117293184,"price":"16957.10","qty":"0.240","quoteQty":"4069.70","time":1669978880870,"isBuyerMaker":true},{"id":3117293185,"price":"16957.10","qty":"0.438","quoteQty":"7427.20","time":1669978880870,"isBuyerMaker":true},{"id":3117293186,"price":"16957.10","qty":"0.353","quoteQty":"5985.85","time":1669978881403,"isBuyerMaker":true},{"id":3117293187,"price":"16957.20","qty":"0.002","quoteQty":"33.91","time":1669978881739,"isBuyerMaker":false},{"id":3117293188,"price":"16957.10","qty":"0.365","quoteQty":"6189.34","time":1669978881797,"isBuyerMaker":true},{"id":3117293189,"price":"16957.10","qty":"0.034","quoteQty":"576.54","time":1669978881895,"isBuyerMaker":true},{"id":3117293190,"price":"16957.20","qty":"0.021","quoteQty":"356.10","time":1669978881960,"isBuyerMaker":false},{"id":3117293191,"price":"16957.20","qty":"0.002","quoteQty":"33.91","time":1669978882196,"isBuyerMaker":false},{"id":3117293192,"price":"16957.20","qty":"0.707","quoteQty":"11988.74","time":1669978882838,"isBuyerMaker":false},{"id":3117293193,"price":"16957.20","qty":"0.162","quoteQty":"2747.06","time":1669978882851,"isBuyerMaker":false},{"id":3117293194,"price":"16957.20","qty":"0.011","quoteQty":"186.52","time":1669978882854,"isBuyerMaker":false},{"id":3117293195,"price":"16957.20","qty":"0.002","quoteQty":"33.91","time":1669978882957,"isBuyerMaker":false},{"id":3117293196,"price":"16957.10","qty":"0.010","quoteQty":"169.57","time":1669978884407,"isBuyerMaker":true},{"id":3117293197,"price":"16957.20","qty":"0.003","quoteQty":"50.87","time":1669978884472,"isBuyerMaker":false},{"id":3117293198,"price":"16957.10","qty":"0.010","quoteQty":"169.57","time":1669978884674,"isBuyerMaker":true},{"id":3117293199,"price":"16957.20","qty":"0.001","quoteQty":"16.95","time":1669978884736,"isBuyerMaker":false},{"id":3117293200,"price":"16957.10","qty":"0.012","quoteQty":"203.48","time":1669978884748,"isBuyerMaker":true},{"id":3117293201,"price":"16957.20","qty":"0.632","quoteQty":"10716.95","time":1669978884971,"isBuyerMaker":false},{"id":3117293202,"price":"16957.20","qty":"0.117","quoteQty":"1983.99","time":1669978884971,"isBuyerMaker":false},{"id":3117293203,"price":"16957.20","qty":"0.251","quoteQty":"4256.25","time":1669978884971,"isBuyerMaker":false},{"id":3117293204,"price":"16957.20","qty":"0.020","quoteQty":"339.14","time":1669978885034,"isBuyerMaker":false},{"id":3117293205,"price":"16957.10","qty":"0.001","quoteQty":"16.95","time":1669978885065,"isBuyerMaker":true},{"id":3117293206,"price":"16957.10","qty":"0.008","quoteQty":"135.65","time":1669978885087,"isBuyerMaker":true},{"id":3117293207,"price":"16957.10","qty":"0.006","quoteQty":"101.74","time":1669978885287,"isBuyerMaker":true},{"id":3117293208,"price":"16957.10","qty":"0.006","quoteQty":"101.74","time":1669978885313,"isBuyerMaker":true},{"id":3117293209,"price":"16957.20","qty":"0.002","quoteQty":"33.91","time":1669978885448,"isBuyerMaker":false},{"id":3117293210,"price":"16957.10","qty":"0.010","quoteQty":"169.57","time":1669978885491,"isBuyerMaker":true},{"id":3117293211,"price":"16957.10","qty":"0.062","quoteQty":"1051.34","time":1669978885574,"isBuyerMaker":true},{"id":3117293212,"price":"16957.10","qty":"0.018","quoteQty":"305.22","time":1669978885668,"isBuyerMaker":true},{"id":3117293213,"price":"16957.20","qty":"0.021","quoteQty":"356.10","time":1669978886318,"isBuyerMaker":false},{"id":3117293214,"price":"16957.20","qty":"0.104","quoteQty":"1763.54","time":1669978886318,"isBuyerMaker":false},{"id":3117293215,"price":"16957.10","qty":"0.010","quoteQty":"169.57","time":1669978886466,"isBuyerMaker":true},{"id":3117293216,"price":"16957.20","qty":"0.013","quoteQty":"220.44","time":1669978886755,"isBuyerMaker":false},{"id":3117293217,"price":"16957.20","qty":"0.016","quoteQty":"271.31","time":1669978886755,"isBuyerMaker":false},{"id":3117293218,"price":"16957.10","qty":"0.189","quoteQty":"3204.89","time":1669978886925,"isBuyerMaker":true},{"id":3117293219,"price":"16957.10","qty":"0.100","quoteQty":"1695.71","time":1669978886925,"isBuyerMaker":true},{"id":3117293220,"price":"16957.10","qty":"0.013","quoteQty":"220.44","time":1669978886925,"isBuyerMaker":true},{"id":3117293221,"price":"16957.10","qty":"0.012","quoteQty":"203.48","time":1669978886925,"isBuyerMaker":true},{"id":3117293222,"price":"16957.10","qty":"0.004","quoteQty":"67.82","time":1669978886925,"isBuyerMaker":true},{"id":3117293223,"price":"16957.10","qty":"0.182","quoteQty":"3086.19","time":1669978886925,"isBuyerMaker":true},{"id":3117293224,"price":"16957.10","qty":"0.403","quoteQty":"6833.71","time":1669978886979,"isBuyerMaker":true},{"id":3117293225,"price":"16957.10","qty":"0.017","quoteQty":"288.27","time":1669978887490,"isBuyerMaker":true},{"id":3117293226,"price":"16957.20","qty":"0.101","quoteQty":"1712.67","time":1669978887551,"isBuyerMaker":false},{"id":3117293227,"price":"16957.20","qty":"0.093","quoteQty":"1577.01","time":1669978887551,"isBuyerMaker":false},{"id":3117293228,"price":"16957.20","qty":"0.040","quoteQty":"678.28","time":1669978887893,"isBuyerMaker":false},{"id":3117293229,"price":"16957.20","qty":"0.001","quoteQty":"16.95","time":1669978888268,"isBuyerMaker":false},{"id":3117293230,"price":"16957.10","qty":"0.041","quoteQty":"695.24","time":1669978888341,"isBuyerMaker":true},{"id":3117293231,"price":"16957.10","qty":"0.357","quoteQty":"6053.68","time":1669978888648,"isBuyerMaker":true},{"id":3117293232,"price":"16957.10","qty":"0.800","quoteQty":"13565.68","time":1669978888648,"isBuyerMaker":true},{"id":3117293233,"price":"16957.10","qty":"1.200","quoteQty":"20348.52","time":1669978888648,"isBuyerMaker":true},{"id":3117293234,"price":"16957.10","qty":"0.800","quoteQty":"13565.68","time":1669978888648,"isBuyerMaker":true},{"id":3117293235,"price":"16957.10","qty":"0.640","quoteQty":"10852.54","time":1669978888648,"isBuyerMaker":true},{"id":3117293236,"price":"16957.10","qty":"2.720","quoteQty":"46123.31","time":1669978888648,"isBuyerMaker":true},{"id":3117293237,"price":"16957.10","qty":"3.040","quoteQty":"51549.58","time":1669978888648,"isBuyerMaker":true},{"id":3117293238,"price":"16957.10","qty":"0.525","quoteQty":"8902.47","time":1669978888648,"isBuyerMaker":true},{"id":3117293239,"price":"16957.10","qty":"0.001","quoteQty":"16.95","time":1669978888648,"isBuyerMaker":true},{"id":3117293240,"price":"16957.10","qty":"0.002","quoteQty":"33.91","time":1669978888648,"isBuyerMaker":true},{"id":3117293241,"price":"16957.10","qty":"0.001","quoteQty":"16.95","time":1669978888648,"isBuyerMaker":true},{"id":3117293242,"price":"16957.10","qty":"0.001","quoteQty":"16.95","time":1669978888648,"isBuyerMaker":true},{"id":3117293243,"price":"16957.10","qty":"0.030","quoteQty":"508.71","time":1669978888648,"isBuyerMaker":true},{"id":3117293244,"price":"16957.10","qty":"0.006","quoteQty":"101.74","time":1669978888648,"isBuyerMaker":true},{"id":3117293245,"price":"16957.10","qty":"0.005","quoteQty":"84.78","time":1669978888648,"isBuyerMaker":true},{"id":3117293246,"price":"16957.10","qty":"0.034","quoteQty":"576.54","time":1669978888648,"isBuyerMaker":true},{"id":3117293247,"price":"16957.10","qty":"0.040","quoteQty":"678.28","time":1669978888648,"isBuyerMaker":true},{"id":3117293248,"price":"16957.10","qty":"0.034","quoteQty":"576.54","time":1669978888648,"isBuyerMaker":true},{"id":3117293249,"price":"16957.10","qty":"0.040","quoteQty":"678.28","time":1669978888648,"isBuyerMaker":true},{"id":3117293250,"price":"16957.10","qty":"0.040","quoteQty":"678.28","time":1669978888648,"isBuyerMaker":true},{"id":3117293251,"price":"16957.10","qty":"0.002","quoteQty":"33.91","time":1669978888648,"isBuyerMaker":true},{"id":3117293252,"price":"16957.10","qty":"0.002","quoteQty":"33.91","time":1669978888648,"isBuyerMaker":true},{"id":3117293253,"price":"16957.10","qty":"0.020","quoteQty":"339.14","time":1669978888648,"isBuyerMaker":true},{"id":3117293254,"price":"16957.10","qty":"0.020","quoteQty":"339.14","time":1669978888648,"isBuyerMaker":true},{"id":3117293255,"price":"16957.10","qty":"0.020","quoteQty":"339.14","time":1669978888648,"isBuyerMaker":true},{"id":3117293256,"price":"16957.10","qty":"0.001","quoteQty":"16.95","time":1669978888648,"isBuyerMaker":true},{"id":3117293257,"price":"16957.10","qty":"0.001","quoteQty":"16.95","time":1669978888648,"isBuyerMaker":true},{"id":3117293258,"price":"16957.10","qty":"0.001","quoteQty":"16.95","time":1669978888648,"isBuyerMaker":true},{"id":3117293259,"price":"16957.10","qty":"0.001","quoteQty":"16.95","time":1669978888648,"isBuyerMaker":true},{"id":3117293260,"price":"16957.10","qty":"0.001","quoteQty":"16.95","time":1669978888648,"isBuyerMaker":true},{"id":3117293261,"price":"16957.10","qty":"0.001","quoteQty":"16.95","time":1669978888648,"isBuyerMaker":true},{"id":3117293262,"price":"16957.10","qty":"1.642","quoteQty":"27843.55","time":1669978888648,"isBuyerMaker":true},{"id":3117293263,"price":"16957.10","qty":"0.560","quoteQty":"9495.97","time":1669978888648,"isBuyerMaker":true},{"id":3117293264,"price":"16957.10","qty":"0.200","quoteQty":"3391.42","time":1669978888648,"isBuyerMaker":true},{"id":3117293265,"price":"16957.10","qty":"0.560","quoteQty":"9495.97","time":1669978888648,"isBuyerMaker":true},{"id":3117293266,"price":"16957.10","qty":"0.240","quoteQty":"4069.70","time":1669978888648,"isBuyerMaker":true},{"id":3117293267,"price":"16957.10","qty":"0.589","quoteQty":"9987.73","time":1669978888648,"isBuyerMaker":true},{"id":3117293268,"price":"16957.10","qty":"0.589","quoteQty":"9987.73","time":1669978888648,"isBuyerMaker":true},{"id":3117293269,"price":"16957.10","qty":"0.007","quoteQty":"118.69","time":1669978888648,"isBuyerMaker":true},{"id":3117293270,"price":"16957.10","qty":"0.001","quoteQty":"16.95","time":1669978888648,"isBuyerMaker":true},{"id":3117293271,"price":"16957.10","qty":"0.047","quoteQty":"796.98","time":1669978888648,"isBuyerMaker":true},{"id":3117293272,"price":"16957.10","qty":"0.602","quoteQty":"10208.17","time":1669978888648,"isBuyerMaker":true},{"id":3117293273,"price":"16957.10","qty":"0.097","quoteQty":"1644.83","time":1669978888648,"isBuyerMaker":true},{"id":3117293274,"price":"16957.10","qty":"0.022","quoteQty":"373.05","time":1669978888648,"isBuyerMaker":true},{"id":3117293275,"price":"16957.00","qty":"1.567","quoteQty":"26571.61","time":1669978888648,"isBuyerMaker":true},{"id":3117293276,"price":"16957.00","qty":"0.001","quoteQty":"16.95","time":1669978888648,"isBuyerMaker":true},{"id":3117293277,"price":"16957.00","qty":"0.001","quoteQty":"16.95","time":1669978888648,"isBuyerMaker":true},{"id":3117293278,"price":"16957.00","qty":"0.024","quoteQty":"406.96","time":1669978888648,"isBuyerMaker":true},{"id":3117293279,"price":"16957.00","qty":"0.764","quoteQty":"12955.14","time":1669978888648,"isBuyerMaker":true},{"id":3117293280,"price":"16957.00","qty":"0.001","quoteQty":"16.95","time":1669978888648,"isBuyerMaker":true},{"id":3117293281,"price":"16956.80","qty":"1.532","quoteQty":"25977.81","time":1669978888648,"isBuyerMaker":true},{"id":3117293282,"price":"16956.80","qty":"0.001","quoteQty":"16.95","time":1669978888648,"isBuyerMaker":true},{"id":3117293283,"price":"16956.80","qty":"0.012","quoteQty":"203.48","time":1669978888648,"isBuyerMaker":true},{"id":3117293284,"price":"16956.80","qty":"0.001","quoteQty":"16.95","time":1669978888648,"isBuyerMaker":true},{"id":3117293285,"price":"16956.70","qty":"0.003","quoteQty":"50.87","time":1669978888649,"isBuyerMaker":true},{"id":3117293286,"price":"16956.70","qty":"0.001","quoteQty":"16.95","time":1669978888649,"isBuyerMaker":true},{"id":3117293287,"price":"16956.60","qty":"0.032","quoteQty":"542.61","time":1669978888649,"isBuyerMaker":true},{"id":3117293288,"price":"16956.60","qty":"0.003","quoteQty":"50.86","time":1669978888649,"isBuyerMaker":true},{"id":3117293289,"price":"16956.60","qty":"0.020","quoteQty":"339.13","time":1669978888649,"isBuyerMaker":true},{"id":3117293290,"price":"16956.60","qty":"0.008","quoteQty":"135.65","time":1669978888649,"isBuyerMaker":true},{"id":3117293291,"price":"16956.60","qty":"0.001","quoteQty":"16.95","time":1669978888649,"isBuyerMaker":true},{"id":3117293292,"price":"16956.50","qty":"1.532","quoteQty":"25977.35","time":1669978888649,"isBuyerMaker":true},{"id":3117293293,"price":"16956.50","qty":"1.351","quoteQty":"22908.23","time":1669978888649,"isBuyerMaker":true},{"id":3117293294,"price":"16956.50","qty":"0.002","quoteQty":"33.91","time":1669978888649,"isBuyerMaker":true},{"id":3117293295,"price":"16956.50","qty":"0.001","quoteQty":"16.95","time":1669978888649,"isBuyerMaker":true},{"id":3117293296,"price":"16956.50","qty":"0.005","quoteQty":"84.78","time":1669978888649,"isBuyerMaker":true},{"id":3117293297,"price":"16956.40","qty":"0.356","quoteQty":"6036.47","time":1669978888649,"isBuyerMaker":true},{"id":3117293298,"price":"16956.40","qty":"0.001","quoteQty":"16.95","time":1669978888649,"isBuyerMaker":true},{"id":3117293299,"price":"16956.30","qty":"3.444","quoteQty":"58397.49","time":1669978888649,"isBuyerMaker":true},{"id":3117293300,"price":"16956.30","qty":"0.451","quoteQty":"7647.29","time":1669978888649,"isBuyerMaker":true},{"id":3117293301,"price":"16956.30","qty":"0.001","quoteQty":"16.95","time":1669978888649,"isBuyerMaker":true},{"id":3117293302,"price":"16956.30","qty":"0.001","quoteQty":"16.95","time":1669978888649,"isBuyerMaker":true},{"id":3117293303,"price":"16956.30","qty":"0.029","quoteQty":"491.73","time":1669978888649,"isBuyerMaker":true},{"id":3117293304,"price":"16956.30","qty":"0.118","quoteQty":"2000.84","time":1669978888649,"isBuyerMaker":true},{"id":3117293305,"price":"16956.30","qty":"0.044","quoteQty":"746.07","time":1669978888649,"isBuyerMaker":true},{"id":3117293306,"price":"16956.30","qty":"0.045","quoteQty":"763.03","time":1669978888649,"isBuyerMaker":true},{"id":3117293307,"price":"16956.30","qty":"0.044","quoteQty":"746.07","time":1669978888649,"isBuyerMaker":true},{"id":3117293308,"price":"16956.30","qty":"0.020","quoteQty":"339.12","time":1669978888649,"isBuyerMaker":true},{"id":3117293309,"price":"16956.30","qty":"0.001","quoteQty":"16.95","time":1669978888649,"isBuyerMaker":true},{"id":3117293310,"price":"16956.30","qty":"0.023","quoteQty":"389.99","time":1669978888649,"isBuyerMaker":true},{"id":3117293311,"price":"16956.20","qty":"0.002","quoteQty":"33.91","time":1669978888649,"isBuyerMaker":true},{"id":3117293312,"price":"16956.20","qty":"1.532","quoteQty":"25976.89","time":1669978888649,"isBuyerMaker":true},{"id":3117293313,"price":"16956.20","qty":"0.001","quoteQty":"16.95","time":1669978888649,"isBuyerMaker":true},{"id":3117293314,"price":"16956.20","qty":"0.017","quoteQty":"288.25","time":1669978888649,"isBuyerMaker":true},{"id":3117293315,"price":"16956.10","qty":"1.118","quoteQty":"18956.91","time":1669978888649,"isBuyerMaker":true},{"id":3117293316,"price":"16956.10","qty":"0.001","quoteQty":"16.95","time":1669978888649,"isBuyerMaker":true},{"id":3117293317,"price":"16956.10","qty":"0.177","quoteQty":"3001.22","time":1669978888649,"isBuyerMaker":true},{"id":3117293318,"price":"16956.10","qty":"1.647","quoteQty":"27926.69","time":1669978888649,"isBuyerMaker":true},{"id":3117293319,"price":"16956.00","qty":"0.453","quoteQty":"7681.06","time":1669978888649,"isBuyerMaker":true},{"id":3117293320,"price":"16956.00","qty":"0.300","quoteQty":"5086.80","time":1669978888649,"isBuyerMaker":true},{"id":3117293321,"price":"16956.00","qty":"0.001","quoteQty":"16.95","time":1669978888649,"isBuyerMaker":true},{"id":3117293322,"price":"16956.00","qty":"1.908","quoteQty":"32352.04","time":1669978888649,"isBuyerMaker":true},{"id":3117293323,"price":"16956.00","qty":"0.001","quoteQty":"16.95","time":1669978888649,"isBuyerMaker":true},{"id":3117293324,"price":"16955.90","qty":"0.341","quoteQty":"5781.96","time":1669978888649,"isBuyerMaker":true},{"id":3117293325,"price":"16955.90","qty":"1.532","quoteQty":"25976.43","time":1669978888649,"isBuyerMaker":true},{"id":3117293326,"price":"16955.90","qty":"0.001","quoteQty":"16.95","time":1669978888649,"isBuyerMaker":true},{"id":3117293327,"price":"16955.90","qty":"8.970","quoteQty":"152094.42","time":1669978888649,"isBuyerMaker":true},{"id":3117293328,"price":"16955.90","qty":"0.294","quoteQty":"4985.03","time":1669978888649,"isBuyerMaker":true},{"id":3117293329,"price":"16955.80","qty":"1.321","quoteQty":"22398.61","time":1669978888649,"isBuyerMaker":true},{"id":3117293330,"price":"16955.80","qty":"0.001","quoteQty":"16.95","time":1669978888649,"isBuyerMaker":true},{"id":3117293331,"price":"16955.80","qty":"0.420","quoteQty":"7121.43","time":1669978888649,"isBuyerMaker":true},{"id":3117293332,"price":"16955.80","qty":"0.400","quoteQty":"6782.32","time":1669978888649,"isBuyerMaker":true},{"id":3117293333,"price":"16955.80","qty":"0.295","quoteQty":"5001.96","time":1669978888649,"isBuyerMaker":true},{"id":3117293334,"price":"16955.80","qty":"0.177","quoteQty":"3001.17","time":1669978888649,"isBuyerMaker":true},{"id":3117293335,"price":"16955.70","qty":"0.058","quoteQty":"983.43","time":1669978888649,"isBuyerMaker":true},{"id":3117293336,"price":"16955.70","qty":"0.251","quoteQty":"4255.88","time":1669978888649,"isBuyerMaker":true},{"id":3117293337,"price":"16955.70","qty":"0.032","quoteQty":"542.58","time":1669978888649,"isBuyerMaker":true},{"id":3117293338,"price":"16955.70","qty":"0.080","quoteQty":"1356.45","time":1669978888649,"isBuyerMaker":true},{"id":3117293339,"price":"16955.70","qty":"0.160","quoteQty":"2712.91","time":1669978888649,"isBuyerMaker":true},{"id":3117293340,"price":"16955.70","qty":"0.320","quoteQty":"5425.82","time":1669978888649,"isBuyerMaker":true},{"id":3117293341,"price":"16955.70","qty":"0.008","quoteQty":"135.64","time":1669978888649,"isBuyerMaker":true},{"id":3117293342,"price":"16955.70","qty":"0.059","quoteQty":"1000.38","time":1669978888649,"isBuyerMaker":true},{"id":3117293343,"price":"16955.70","qty":"0.295","quoteQty":"5001.93","time":1669978888649,"isBuyerMaker":true},{"id":3117293344,"price":"16955.60","qty":"0.303","quoteQty":"5137.54","time":1669978888649,"isBuyerMaker":true},{"id":3117293345,"price":"16955.60","qty":"1.532","quoteQty":"25975.97","time":1669978888649,"isBuyerMaker":true},{"id":3117293346,"price":"16955.60","qty":"0.001","quoteQty":"16.95","time":1669978888649,"isBuyerMaker":true},{"id":3117293347,"price":"16955.60","qty":"0.177","quoteQty":"3001.14","time":1669978888649,"isBuyerMaker":true},{"id":3117293348,"price":"16955.60","qty":"0.354","quoteQty":"6002.28","time":1669978888649,"isBuyerMaker":true},{"id":3117293349,"price":"16955.50","qty":"0.007","quoteQty":"118.68","time":1669978888649,"isBuyerMaker":true},{"id":3117293350,"price":"16955.50","qty":"0.005","quoteQty":"84.77","time":1669978888649,"isBuyerMaker":true},{"id":3117293351,"price":"16955.50","qty":"0.373","quoteQty":"6324.40","time":1669978888649,"isBuyerMaker":true},{"id":3117293352,"price":"16955.40","qty":"0.158","quoteQty":"2678.95","time":1669978888649,"isBuyerMaker":true},{"id":3117293353,"price":"16955.40","qty":"0.001","quoteQty":"16.95","time":1669978888649,"isBuyerMaker":true},{"id":3117293354,"price":"16955.40","qty":"0.642","quoteQty":"10885.36","time":1669978888649,"isBuyerMaker":true},{"id":3117293355,"price":"16955.40","qty":"0.295","quoteQty":"5001.84","time":1669978888649,"isBuyerMaker":true},{"id":3117293356,"price":"16955.30","qty":"0.237","quoteQty":"4018.40","time":1669978888649,"isBuyerMaker":true},{"id":3117293357,"price":"16955.30","qty":"0.011","quoteQty":"186.50","time":1669978888649,"isBuyerMaker":true},{"id":3117293358,"price":"16955.30","qty":"0.001","quoteQty":"16.95","time":1669978888649,"isBuyerMaker":true},{"id":3117293359,"price":"16955.30","qty":"1.532","quoteQty":"25975.51","time":1669978888649,"isBuyerMaker":true},{"id":3117293360,"price":"16955.30","qty":"1.179","quoteQty":"19990.29","time":1669978888649,"isBuyerMaker":true},{"id":3117293361,"price":"16955.30","qty":"0.320","quoteQty":"5425.69","time":1669978888649,"isBuyerMaker":true},{"id":3117293362,"price":"16955.30","qty":"0.059","quoteQty":"1000.36","time":1669978888649,"isBuyerMaker":true},{"id":3117293363,"price":"16955.20","qty":"0.578","quoteQty":"9800.10","time":1669978888649,"isBuyerMaker":true},{"id":3117293364,"price":"16955.20","qty":"0.243","quoteQty":"4120.11","time":1669978888649,"isBuyerMaker":true},{"id":3117293365,"price":"16955.20","qty":"1.797","quoteQty":"30468.49","time":1669978888649,"isBuyerMaker":true},{"id":3117293366,"price":"16955.20","qty":"0.001","quoteQty":"16.95","time":1669978888666,"isBuyerMaker":true},{"id":3117293367,"price":"16955.20","qty":"0.200","quoteQty":"3391.04","time":1669978888667,"isBuyerMaker":true},{"id":3117293368,"price":"16955.20","qty":"0.196","quoteQty":"3323.21","time":1669978888667,"isBuyerMaker":true},{"id":3117293369,"price":"16955.20","qty":"1.223","quoteQty":"20736.20","time":1669978888669,"isBuyerMaker":true},{"id":3117293370,"price":"16955.20","qty":"0.165","quoteQty":"2797.60","time":1669978888669,"isBuyerMaker":true},{"id":3117293371,"price":"16955.20","qty":"1.000","quoteQty":"16955.20","time":1669978888690,"isBuyerMaker":true},{"id":3117293372,"price":"16955.30","qty":"0.010","quoteQty":"169.55","time":1669978888749,"isBuyerMaker":false},{"id":3117293373,"price":"16955.30","qty":"0.018","quoteQty":"305.19","time":1669978888843,"isBuyerMaker":false},{"id":3117293374,"price":"16955.30","qty":"0.069","quoteQty":"1169.91","time":1669978888915,"isBuyerMaker":false},{"id":3117293375,"price":"16955.30","qty":"0.002","quoteQty":"33.91","time":1669978888928,"isBuyerMaker":false},{"id":3117293376,"price":"16955.20","qty":"0.007","quoteQty":"118.68","time":1669978889003,"isBuyerMaker":true},{"id":3117293377,"price":"16955.30","qty":"0.396","quoteQty":"6714.29","time":1669978889053,"isBuyerMaker":false},{"id":3117293378,"price":"16955.30","qty":"0.036","quoteQty":"610.39","time":1669978889053,"isBuyerMaker":false},{"id":3117293379,"price":"16955.20","qty":"0.218","quoteQty":"3696.23","time":1669978889132,"isBuyerMaker":true},{"id":3117293380,"price":"16955.30","qty":"0.050","quoteQty":"847.76","time":1669978889230,"isBuyerMaker":false},{"id":3117293381,"price":"16955.30","qty":"0.810","quoteQty":"13733.79","time":1669978889254,"isBuyerMaker":false},{"id":3117293382,"price":"16955.30","qty":"0.762","quoteQty":"12919.93","time":1669978889254,"isBuyerMaker":false},{"id":3117293383,"price":"16955.30","qty":"0.002","quoteQty":"33.91","time":1669978889254,"isBuyerMaker":false},{"id":3117293384,"price":"16955.30","qty":"0.023","quoteQty":"389.97","time":1669978889254,"isBuyerMaker":false},{"id":3117293385,"price":"16955.30","qty":"0.117","quoteQty":"1983.77","time":1669978889254,"isBuyerMaker":false},{"id":3117293386,"price":"16955.30","qty":"0.117","quoteQty":"1983.77","time":1669978889254,"isBuyerMaker":false},{"id":3117293387,"price":"16955.30","qty":"0.103","quoteQty":"1746.39","time":1669978889254,"isBuyerMaker":false},{"id":3117293388,"price":"16955.30","qty":"0.014","quoteQty":"237.37","time":1669978889254,"isBuyerMaker":false},{"id":3117293389,"price":"16955.30","qty":"0.007","quoteQty":"118.68","time":1669978889254,"isBuyerMaker":false},{"id":3117293390,"price":"16955.30","qty":"0.039","quoteQty":"661.25","time":1669978889254,"isBuyerMaker":false},{"id":3117293391,"price":"16955.30","qty":"0.038","quoteQty":"644.30","time":1669978889254,"isBuyerMaker":false},{"id":3117293392,"price":"16955.30","qty":"0.001","quoteQty":"16.95","time":1669978889254,"isBuyerMaker":false},{"id":3117293393,"price":"16955.30","qty":"0.442","quoteQty":"7494.24","time":1669978889254,"isBuyerMaker":false},{"id":3117293394,"price":"16955.30","qty":"0.177","quoteQty":"3001.08","time":1669978889254,"isBuyerMaker":false},{"id":3117293395,"price":"16955.30","qty":"0.003","quoteQty":"50.86","time":1669978889254,"isBuyerMaker":false},{"id":3117293396,"price":"16955.30","qty":"0.399","quoteQty":"6765.16","time":1669978889254,"isBuyerMaker":false},{"id":3117293397,"price":"16955.30","qty":"0.023","quoteQty":"389.97","time":1669978889258,"isBuyerMaker":false},{"id":3117293398,"price":"16955.30","qty":"0.295","quoteQty":"5001.81","time":1669978889258,"isBuyerMaker":false},{"id":3117293399,"price":"16955.30","qty":"0.014","quoteQty":"237.37","time":1669978889258,"isBuyerMaker":false},{"id":3117293400,"price":"16955.30","qty":"0.088","quoteQty":"1492.06","time":1669978889258,"isBuyerMaker":false},{"id":3117293401,"price":"16955.30","qty":"0.236","quoteQty":"4001.45","time":1669978889258,"isBuyerMaker":false},{"id":3117293402,"price":"16955.30","qty":"0.294","quoteQty":"4984.85","time":1669978889258,"isBuyerMaker":false},{"id":3117293403,"price":"16955.30","qty":"0.001","quoteQty":"16.95","time":1669978889258,"isBuyerMaker":false},{"id":3117293404,"price":"16955.30","qty":"0.001","quoteQty":"16.95","time":1669978889258,"isBuyerMaker":false},{"id":3117293405,"price":"16955.30","qty":"0.001","quoteQty":"16.95","time":1669978889258,"isBuyerMaker":false},{"id":3117293406,"price":"16955.30","qty":"0.001","quoteQty":"16.95","time":1669978889258,"isBuyerMaker":false},{"id":3117293407,"price":"16955.30","qty":"0.026","quoteQty":"440.83","time":1669978889258,"isBuyerMaker":false},{"id":3117293408,"price":"16955.30","qty":"0.008","quoteQty":"135.64","time":1669978889263,"isBuyerMaker":false},{"id":3117293409,"price":"16955.30","qty":"0.001","quoteQty":"16.95","time":1669978889263,"isBuyerMaker":false},{"id":3117293410,"price":"16955.30","qty":"0.003","quoteQty":"50.86","time":1669978889263,"isBuyerMaker":false},{"id":3117293411,"price":"16955.30","qty":"0.150","quoteQty":"2543.29","time":1669978889263,"isBuyerMaker":false},{"id":3117293412,"price":"16955.30","qty":"0.005","quoteQty":"84.77","time":1669978889263,"isBuyerMaker":false},{"id":3117293413,"price":"16955.30","qty":"0.075","quoteQty":"1271.64","time":1669978889263,"isBuyerMaker":false},{"id":3117293414,"price":"16955.30","qty":"0.001","quoteQty":"16.95","time":1669978889263,"isBuyerMaker":false},{"id":3117293415,"price":"16955.30","qty":"0.001","quoteQty":"16.95","time":1669978889263,"isBuyerMaker":false},{"id":3117293416,"price":"16955.30","qty":"0.001","quoteQty":"16.95","time":1669978889263,"isBuyerMaker":false},{"id":3117293417,"price":"16955.30","qty":"1.618","quoteQty":"27433.67","time":1669978889263,"isBuyerMaker":false},{"id":3117293418,"price":"16955.30","qty":"0.005","quoteQty":"84.77","time":1669978889263,"isBuyerMaker":false},{"id":3117293419,"price":"16955.30","qty":"0.012","quoteQty":"203.46","time":1669978889263,"isBuyerMaker":false},{"id":3117293420,"price":"16955.40","qty":"0.100","quoteQty":"1695.54","time":1669978889273,"isBuyerMaker":false},{"id":3117293421,"price":"16955.40","qty":"0.150","quoteQty":"2543.31","time":1669978889273,"isBuyerMaker":false},{"id":3117293422,"price":"16955.40","qty":"0.070","quoteQty":"1186.87","time":1669978889273,"isBuyerMaker":false},{"id":3117293423,"price":"16955.80","qty":"0.013","quoteQty":"220.42","time":1669978889273,"isBuyerMaker":false},{"id":3117293424,"price":"16955.90","qty":"0.003","quoteQty":"50.86","time":1669978889305,"isBuyerMaker":false},{"id":3117293425,"price":"16955.90","qty":"0.003","quoteQty":"50.86","time":1669978889306,"isBuyerMaker":false},{"id":3117293426,"price":"16955.90","qty":"0.003","quoteQty":"50.86","time":1669978889333,"isBuyerMaker":false},{"id":3117293427,"price":"16955.90","qty":"0.003","quoteQty":"50.86","time":1669978889333,"isBuyerMaker":false},{"id":3117293428,"price":"16955.90","qty":"0.001","quoteQty":"16.95","time":1669978889333,"isBuyerMaker":false},{"id":3117293429,"price":"16955.90","qty":"0.002","quoteQty":"33.91","time":1669978889333,"isBuyerMaker":false},{"id":3117293430,"price":"16955.80","qty":"0.056","quoteQty":"949.52","time":1669978889667,"isBuyerMaker":true},{"id":3117293431,"price":"16955.80","qty":"0.107","quoteQty":"1814.27","time":1669978889725,"isBuyerMaker":true},{"id":3117293432,"price":"16955.90","qty":"0.007","quoteQty":"118.69","time":1669978889860,"isBuyerMaker":false},{"id":3117293433,"price":"16955.90","qty":"0.004","quoteQty":"67.82","time":1669978889883,"isBuyerMaker":false},{"id":3117293434,"price":"16955.90","qty":"0.013","quoteQty":"220.42","time":1669978889883,"isBuyerMaker":false},{"id":3117293435,"price":"16955.90","qty":"0.050","quoteQty":"847.79","time":1669978889883,"isBuyerMaker":false},{"id":3117293436,"price":"16955.90","qty":"0.006","quoteQty":"101.73","time":1669978889883,"isBuyerMaker":false},{"id":3117293437,"price":"16955.90","qty":"0.374","quoteQty":"6341.50","time":1669978889883,"isBuyerMaker":false},{"id":3117293438,"price":"16955.80","qty":"0.049","quoteQty":"830.83","time":1669978889919,"isBuyerMaker":true},{"id":3117293439,"price":"16955.80","qty":"0.285","quoteQty":"4832.40","time":1669978889936,"isBuyerMaker":true},{"id":3117293440,"price":"16955.80","qty":"0.124","quoteQty":"2102.51","time":1669978889937,"isBuyerMaker":true},{"id":3117293441,"price":"16955.80","qty":"1.010","quoteQty":"17125.35","time":1669978889937,"isBuyerMaker":true},{"id":3117293442,"price":"16955.80","qty":"0.248","quoteQty":"4205.03","time":1669978889937,"isBuyerMaker":true},{"id":3117293443,"price":"16955.80","qty":"0.247","quoteQty":"4188.08","time":1669978889937,"isBuyerMaker":true},{"id":3117293444,"price":"16955.80","qty":"1.890","quoteQty":"32046.46","time":1669978889937,"isBuyerMaker":true},{"id":3117293445,"price":"16955.80","qty":"2.458","quoteQty":"41677.35","time":1669978889937,"isBuyerMaker":true},{"id":3117293446,"price":"16955.80","qty":"2.281","quoteQty":"38676.17","time":1669978889937,"isBuyerMaker":true},{"id":3117293447,"price":"16955.80","qty":"0.245","quoteQty":"4154.17","time":1669978889937,"isBuyerMaker":true},{"id":3117293448,"price":"16955.80","qty":"0.711","quoteQty":"12055.57","time":1669978889937,"isBuyerMaker":true},{"id":3117293449,"price":"16955.80","qty":"1.805","quoteQty":"30605.21","time":1669978889937,"isBuyerMaker":true},{"id":3117293450,"price":"16955.80","qty":"0.198","quoteQty":"3357.24","time":1669978890008,"isBuyerMaker":true},{"id":3117293451,"price":"16955.80","qty":"0.011","quoteQty":"186.51","time":1669978890288,"isBuyerMaker":true},{"id":3117293452,"price":"16955.90","qty":"0.068","quoteQty":"1153.00","time":1669978890616,"isBuyerMaker":false},{"id":3117293453,"price":"16955.90","qty":"0.070","quoteQty":"1186.91","time":1669978890616,"isBuyerMaker":false},{"id":3117293454,"price":"16955.90","qty":"0.236","quoteQty":"4001.59","time":1669978890616,"isBuyerMaker":false},{"id":3117293455,"price":"16955.90","qty":"0.066","quoteQty":"1119.08","time":1669978890616,"isBuyerMaker":false},{"id":3117293456,"price":"16955.80","qty":"0.005","quoteQty":"84.77","time":1669978891205,"isBuyerMaker":true},{"id":3117293457,"price":"16955.80","qty":"0.312","quoteQty":"5290.20","time":1669978891408,"isBuyerMaker":true},{"id":3117293458,"price":"16955.90","qty":"0.002","quoteQty":"33.91","time":1669978891546,"isBuyerMaker":false},{"id":3117293459,"price":"16955.90","qty":"0.027","quoteQty":"457.80","time":1669978891546,"isBuyerMaker":false},{"id":3117293460,"price":"16955.80","qty":"0.062","quoteQty":"1051.25","time":1669978891566,"isBuyerMaker":true},{"id":3117293461,"price":"16955.80","qty":"0.046","quoteQty":"779.96","time":1669978892046,"isBuyerMaker":true},{"id":3117293462,"price":"16955.80","qty":"0.002","quoteQty":"33.91","time":1669978892488,"isBuyerMaker":true},{"id":3117293463,"price":"16955.90","qty":"0.029","quoteQty":"491.72","time":1669978893033,"isBuyerMaker":false},{"id":3117293464,"price":"16955.90","qty":"0.001","quoteQty":"16.95","time":1669978893033,"isBuyerMaker":false},{"id":3117293465,"price":"16955.90","qty":"0.005","quoteQty":"84.77","time":1669978893225,"isBuyerMaker":false},{"id":3117293466,"price":"16955.80","qty":"0.139","quoteQty":"2356.85","time":1669978893353,"isBuyerMaker":true},{"id":3117293467,"price":"16955.80","qty":"0.166","quoteQty":"2814.66","time":1669978893353,"isBuyerMaker":true},{"id":3117293468,"price":"16955.90","qty":"0.016","quoteQty":"271.29","time":1669978893426,"isBuyerMaker":false},{"id":3117293469,"price":"16955.90","qty":"0.200","quoteQty":"3391.18","time":1669978893566,"isBuyerMaker":false},{"id":3117293470,"price":"16955.90","qty":"0.001","quoteQty":"16.95","time":1669978893645,"isBuyerMaker":false},{"id":3117293471,"price":"16955.90","qty":"0.001","quoteQty":"16.95","time":1669978894347,"isBuyerMaker":false},{"id":3117293472,"price":"16955.80","qty":"0.088","quoteQty":"1492.11","time":1669978894665,"isBuyerMaker":true},{"id":3117293473,"price":"16955.80","qty":"0.005","quoteQty":"84.77","time":1669978894815,"isBuyerMaker":true},{"id":3117293474,"price":"16955.90","qty":"0.028","quoteQty":"474.76","time":1669978894851,"isBuyerMaker":false},{"id":3117293475,"price":"16955.90","qty":"0.013","quoteQty":"220.42","time":1669978895080,"isBuyerMaker":false},{"id":3117293476,"price":"16955.80","qty":"0.018","quoteQty":"305.20","time":1669978895315,"isBuyerMaker":true},{"id":3117293477,"price":"16955.90","qty":"0.009","quoteQty":"152.60","time":1669978895859,"isBuyerMaker":false},{"id":3117293478,"price":"16955.90","qty":"0.006","quoteQty":"101.73","time":1669978895949,"isBuyerMaker":false},{"id":3117293479,"price":"16955.90","qty":"0.001","quoteQty":"16.95","time":1669978895979,"isBuyerMaker":false},{"id":3117293480,"price":"16955.80","qty":"0.002","quoteQty":"33.91","time":1669978896202,"isBuyerMaker":true},{"id":3117293481,"price":"16955.90","qty":"0.113","quoteQty":"1916.01","time":1669978896593,"isBuyerMaker":false},{"id":3117293482,"price":"16955.90","qty":"0.356","quoteQty":"6036.30","time":1669978896593,"isBuyerMaker":false},{"id":3117293483,"price":"16955.90","qty":"0.362","quoteQty":"6138.03","time":1669978896693,"isBuyerMaker":false},{"id":3117293484,"price":"16955.90","qty":"0.016","quoteQty":"271.29","time":1669978896837,"isBuyerMaker":false},{"id":3117293485,"price":"16955.80","qty":"0.751","quoteQty":"12733.80","time":1669978896906,"isBuyerMaker":true},{"id":3117293486,"price":"16955.80","qty":"0.006","quoteQty":"101.73","time":1669978896906,"isBuyerMaker":true},{"id":3117293487,"price":"16955.80","qty":"0.092","quoteQty":"1559.93","time":1669978896906,"isBuyerMaker":true},{"id":3117293488,"price":"16955.80","qty":"0.001","quoteQty":"16.95","time":1669978896992,"isBuyerMaker":true},{"id":3117293489,"price":"16955.90","qty":"0.339","quoteQty":"5748.05","time":1669978897297,"isBuyerMaker":false},{"id":3117293490,"price":"16955.90","qty":"0.011","quoteQty":"186.51","time":1669978897649,"isBuyerMaker":false},{"id":3117293491,"price":"16955.90","qty":"0.013","quoteQty":"220.42","time":1669978897649,"isBuyerMaker":false},{"id":3117293492,"price":"16955.90","qty":"0.390","quoteQty":"6612.80","time":1669978897649,"isBuyerMaker":false},{"id":3117293493,"price":"16955.90","qty":"0.013","quoteQty":"220.42","time":1669978897702,"isBuyerMaker":false},{"id":3117293494,"price":"16955.90","qty":"0.035","quoteQty":"593.45","time":1669978897792,"isBuyerMaker":false},{"id":3117293495,"price":"16955.80","qty":"0.149","quoteQty":"2526.41","time":1669978898357,"isBuyerMaker":true},{"id":3117293496,"price":"16955.80","qty":"0.002","quoteQty":"33.91","time":1669978898568,"isBuyerMaker":true},{"id":3117293497,"price":"16955.80","qty":"0.017","quoteQty":"288.24","time":1669978898568,"isBuyerMaker":true},{"id":3117293498,"price":"16955.80","qty":"0.274","quoteQty":"4645.88","time":1669978898609,"isBuyerMaker":true},{"id":3117293499,"price":"16955.90","qty":"0.066","quoteQty":"1119.08","time":1669978898741,"isBuyerMaker":false},{"id":3117293500,"price":"16955.80","qty":"0.010","quoteQty":"169.55","time":1669978899331,"isBuyerMaker":true},{"id":3117293501,"price":"16955.80","qty":"0.274","quoteQty":"4645.88","time":1669978899371,"isBuyerMaker":true},{"id":3117293502,"price":"16955.80","qty":"0.018","quoteQty":"305.20","time":1669978899723,"isBuyerMaker":true},{"id":3117293503,"price":"16955.80","qty":"0.052","quoteQty":"881.70","time":1669978899738,"isBuyerMaker":true},{"id":3117293504,"price":"16955.90","qty":"0.006","quoteQty":"101.73","time":1669978900215,"isBuyerMaker":false},{"id":3117293505,"price":"16955.80","qty":"0.660","quoteQty":"11190.82","time":1669978900519,"isBuyerMaker":true},{"id":3117293506,"price":"16955.90","qty":"0.003","quoteQty":"50.86","time":1669978900795,"isBuyerMaker":false},{"id":3117293507,"price":"16955.80","qty":"0.003","quoteQty":"50.86","time":1669978901416,"isBuyerMaker":true},{"id":3117293508,"price":"16955.90","qty":"0.073","quoteQty":"1237.78","time":1669978901687,"isBuyerMaker":false},{"id":3117293509,"price":"16955.90","qty":"0.025","quoteQty":"423.89","time":1669978901687,"isBuyerMaker":false},{"id":3117293510,"price":"16955.90","qty":"0.236","quoteQty":"4001.59","time":1669978901687,"isBuyerMaker":false},{"id":3117293511,"price":"16955.90","qty":"0.564","quoteQty":"9563.12","time":1669978901687,"isBuyerMaker":false},{"id":3117293512,"price":"16955.90","qty":"0.031","quoteQty":"525.63","time":1669978901687,"isBuyerMaker":false},{"id":3117293513,"price":"16955.90","qty":"0.009","quoteQty":"152.60","time":1669978901687,"isBuyerMaker":false},{"id":3117293514,"price":"16955.90","qty":"0.442","quoteQty":"7494.50","time":1669978901687,"isBuyerMaker":false},{"id":3117293515,"price":"16955.90","qty":"0.081","quoteQty":"1373.42","time":1669978901687,"isBuyerMaker":false},{"id":3117293516,"price":"16955.90","qty":"0.007","quoteQty":"118.69","time":1669978901687,"isBuyerMaker":false},{"id":3117293517,"price":"16955.90","qty":"0.004","quoteQty":"67.82","time":1669978901687,"isBuyerMaker":false},{"id":3117293518,"price":"16955.90","qty":"0.001","quoteQty":"16.95","time":1669978901687,"isBuyerMaker":false},{"id":3117293519,"price":"16955.90","qty":"0.620","quoteQty":"10512.65","time":1669978901687,"isBuyerMaker":false},{"id":3117293520,"price":"16955.90","qty":"0.134","quoteQty":"2272.09","time":1669978901687,"isBuyerMaker":false},{"id":3117293521,"price":"16955.90","qty":"0.021","quoteQty":"356.07","time":1669978901687,"isBuyerMaker":false},{"id":3117293522,"price":"16955.90","qty":"0.005","quoteQty":"84.77","time":1669978901687,"isBuyerMaker":false},{"id":3117293523,"price":"16955.90","qty":"0.001","quoteQty":"16.95","time":1669978901687,"isBuyerMaker":false},{"id":3117293524,"price":"16955.90","qty":"0.010","quoteQty":"169.55","time":1669978901687,"isBuyerMaker":false},{"id":3117293525,"price":"16955.90","qty":"0.029","quoteQty":"491.72","time":1669978901687,"isBuyerMaker":false},{"id":3117293526,"price":"16955.90","qty":"0.009","quoteQty":"152.60","time":1669978901687,"isBuyerMaker":false},{"id":3117293527,"price":"16955.90","qty":"0.022","quoteQty":"373.02","time":1669978901687,"isBuyerMaker":false},{"id":3117293528,"price":"16955.90","qty":"0.029","quoteQty":"491.72","time":1669978901687,"isBuyerMaker":false},{"id":3117293529,"price":"16955.90","qty":"0.275","quoteQty":"4662.87","time":1669978901687,"isBuyerMaker":false},{"id":3117293530,"price":"16955.90","qty":"0.039","quoteQty":"661.28","time":1669978901687,"isBuyerMaker":false},{"id":3117293531,"price":"16955.90","qty":"0.016","quoteQty":"271.29","time":1669978901687,"isBuyerMaker":false},{"id":3117293532,"price":"16955.90","qty":"0.005","quoteQty":"84.77","time":1669978901687,"isBuyerMaker":false},{"id":3117293533,"price":"16955.90","qty":"0.035","quoteQty":"593.45","time":1669978901687,"isBuyerMaker":false},{"id":3117293534,"price":"16955.90","qty":"0.123","quoteQty":"2085.57","time":1669978901687,"isBuyerMaker":false},{"id":3117293535,"price":"16955.90","qty":"0.050","quoteQty":"847.79","time":1669978901687,"isBuyerMaker":false},{"id":3117293536,"price":"16955.90","qty":"0.001","quoteQty":"16.95","time":1669978901687,"isBuyerMaker":false},{"id":3117293537,"price":"16955.90","qty":"0.120","quoteQty":"2034.70","time":1669978901687,"isBuyerMaker":false},{"id":3117293538,"price":"16955.90","qty":"0.002","quoteQty":"33.91","time":1669978901687,"isBuyerMaker":false},{"id":3117293539,"price":"16955.90","qty":"0.138","quoteQty":"2339.91","time":1669978901687,"isBuyerMaker":false},{"id":3117293540,"price":"16955.90","qty":"0.141","quoteQty":"2390.78","time":1669978901687,"isBuyerMaker":false},{"id":3117293541,"price":"16955.90","qty":"0.018","quoteQty":"305.20","time":1669978901687,"isBuyerMaker":false},{"id":3117293542,"price":"16955.90","qty":"0.012","quoteQty":"203.47","time":1669978901687,"isBuyerMaker":false},{"id":3117293543,"price":"16955.90","qty":"0.030","quoteQty":"508.67","time":1669978901687,"isBuyerMaker":false},{"id":3117293544,"price":"16955.90","qty":"0.041","quoteQty":"695.19","time":1669978901687,"isBuyerMaker":false},{"id":3117293545,"price":"16955.90","qty":"0.020","quoteQty":"339.11","time":1669978901687,"isBuyerMaker":false},{"id":3117293546,"price":"16955.90","qty":"0.012","quoteQty":"203.47","time":1669978901687,"isBuyerMaker":false},{"id":3117293547,"price":"16955.90","qty":"0.936","quoteQty":"15870.72","time":1669978901687,"isBuyerMaker":false},{"id":3117293548,"price":"16955.80","qty":"0.007","quoteQty":"118.69","time":1669978902127,"isBuyerMaker":true},{"id":3117293549,"price":"16955.90","qty":"0.040","quoteQty":"678.23","time":1669978902205,"isBuyerMaker":false},{"id":3117293550,"price":"16955.80","qty":"0.035","quoteQty":"593.45","time":1669978902410,"isBuyerMaker":true},{"id":3117293551,"price":"16955.80","qty":"0.366","quoteQty":"6205.82","time":1669978902580,"isBuyerMaker":true},{"id":3117293552,"price":"16955.90","qty":"0.520","quoteQty":"8817.06","time":1669978902632,"isBuyerMaker":false},{"id":3117293553,"price":"16955.90","qty":"0.001","quoteQty":"16.95","time":1669978902632,"isBuyerMaker":false},{"id":3117293554,"price":"16955.90","qty":"0.002","quoteQty":"33.91","time":1669978902632,"isBuyerMaker":false},{"id":3117293555,"price":"16955.90","qty":"0.010","quoteQty":"169.55","time":1669978902632,"isBuyerMaker":false},{"id":3117293556,"price":"16955.90","qty":"0.299","quoteQty":"5069.81","time":1669978902632,"isBuyerMaker":false},{"id":3117293557,"price":"16955.90","qty":"0.168","quoteQty":"2848.59","time":1669978902632,"isBuyerMaker":false},{"id":3117293558,"price":"16955.90","qty":"0.017","quoteQty":"288.25","time":1669978902814,"isBuyerMaker":false},{"id":3117293559,"price":"16955.90","qty":"0.007","quoteQty":"118.69","time":1669978902814,"isBuyerMaker":false},{"id":3117293560,"price":"16955.90","qty":"0.276","quoteQty":"4679.82","time":1669978902814,"isBuyerMaker":false},{"id":3117293561,"price":"16955.90","qty":"0.100","quoteQty":"1695.59","time":1669978902828,"isBuyerMaker":false},{"id":3117293562,"price":"16955.90","qty":"0.066","quoteQty":"1119.08","time":1669978902956,"isBuyerMaker":false},{"id":3117293563,"price":"16955.90","qty":"0.236","quoteQty":"4001.59","time":1669978902956,"isBuyerMaker":false},{"id":3117293564,"price":"16955.90","qty":"0.029","quoteQty":"491.72","time":1669978902956,"isBuyerMaker":false},{"id":3117293565,"price":"16955.90","qty":"0.012","quoteQty":"203.47","time":1669978902956,"isBuyerMaker":false},{"id":3117293566,"price":"16955.90","qty":"0.005","quoteQty":"84.77","time":1669978902956,"isBuyerMaker":false},{"id":3117293567,"price":"16955.90","qty":"0.025","quoteQty":"423.89","time":1669978902956,"isBuyerMaker":false},{"id":3117293568,"price":"16956.00","qty":"0.013","quoteQty":"220.42","time":1669978902956,"isBuyerMaker":false},{"id":3117293569,"price":"16956.00","qty":"0.100","quoteQty":"1695.60","time":1669978902956,"isBuyerMaker":false},{"id":3117293570,"price":"16956.00","qty":"0.012","quoteQty":"203.47","time":1669978902956,"isBuyerMaker":false},{"id":3117293571,"price":"16956.00","qty":"0.075","quoteQty":"1271.70","time":1669978902956,"isBuyerMaker":false},{"id":3117293572,"price":"16956.00","qty":"0.004","quoteQty":"67.82","time":1669978902956,"isBuyerMaker":false},{"id":3117293573,"price":"16956.00","qty":"0.010","quoteQty":"169.56","time":1669978902956,"isBuyerMaker":false},{"id":3117293574,"price":"16956.00","qty":"0.029","quoteQty":"491.72","time":1669978902956,"isBuyerMaker":false},{"id":3117293575,"price":"16956.00","qty":"0.010","quoteQty":"169.56","time":1669978902956,"isBuyerMaker":false},{"id":3117293576,"price":"16956.10","qty":"0.177","quoteQty":"3001.22","time":1669978903118,"isBuyerMaker":false},{"id":3117293577,"price":"16956.10","qty":"0.295","quoteQty":"5002.04","time":1669978903118,"isBuyerMaker":false},{"id":3117293578,"price":"16956.10","qty":"0.013","quoteQty":"220.42","time":1669978903118,"isBuyerMaker":false},{"id":3117293579,"price":"16956.10","qty":"0.006","quoteQty":"101.73","time":1669978903118,"isBuyerMaker":false},{"id":3117293580,"price":"16956.10","qty":"0.039","quoteQty":"661.28","time":1669978903118,"isBuyerMaker":false},{"id":3117293581,"price":"16956.10","qty":"0.236","quoteQty":"4001.63","time":1669978903118,"isBuyerMaker":false},{"id":3117293582,"price":"16956.10","qty":"0.035","quoteQty":"593.46","time":1669978903118,"isBuyerMaker":false},{"id":3117293583,"price":"16956.20","qty":"0.100","quoteQty":"1695.62","time":1669978903228,"isBuyerMaker":false},{"id":3117293584,"price":"16956.20","qty":"0.005","quoteQty":"84.78","time":1669978903228,"isBuyerMaker":false},{"id":3117293585,"price":"16956.20","qty":"0.284","quoteQty":"4815.56","time":1669978903228,"isBuyerMaker":false},{"id":3117293586,"price":"16956.20","qty":"0.050","quoteQty":"847.81","time":1669978903309,"isBuyerMaker":false},{"id":3117293587,"price":"16956.20","qty":"0.050","quoteQty":"847.81","time":1669978903316,"isBuyerMaker":false},{"id":3117293588,"price":"16956.10","qty":"0.005","quoteQty":"84.78","time":1669978903401,"isBuyerMaker":true},{"id":3117293589,"price":"16956.20","qty":"0.058","quoteQty":"983.45","time":1669978903438,"isBuyerMaker":false},{"id":3117293590,"price":"16956.20","qty":"0.236","quoteQty":"4001.66","time":1669978903438,"isBuyerMaker":false},{"id":3117293591,"price":"16956.20","qty":"0.002","quoteQty":"33.91","time":1669978903438,"isBuyerMaker":false},{"id":3117293592,"price":"16956.30","qty":"0.010","quoteQty":"169.56","time":1669978903460,"isBuyerMaker":false},{"id":3117293593,"price":"16956.30","qty":"0.100","quoteQty":"1695.63","time":1669978903460,"isBuyerMaker":false},{"id":3117293594,"price":"16956.30","qty":"0.005","quoteQty":"84.78","time":1669978903460,"isBuyerMaker":false},{"id":3117293595,"price":"16956.40","qty":"0.013","quoteQty":"220.43","time":1669978903520,"isBuyerMaker":false},{"id":3117293596,"price":"16956.40","qty":"0.008","quoteQty":"135.65","time":1669978903520,"isBuyerMaker":false},{"id":3117293597,"price":"16956.40","qty":"0.056","quoteQty":"949.55","time":1669978903520,"isBuyerMaker":false},{"id":3117293598,"price":"16956.40","qty":"0.013","quoteQty":"220.43","time":1669978903520,"isBuyerMaker":false},{"id":3117293599,"price":"16956.40","qty":"0.010","quoteQty":"169.56","time":1669978903520,"isBuyerMaker":false},{"id":3117293600,"price":"16956.40","qty":"0.013","quoteQty":"220.43","time":1669978903520,"isBuyerMaker":false},{"id":3117293601,"price":"16956.50","qty":"0.013","quoteQty":"220.43","time":1669978903612,"isBuyerMaker":false},{"id":3117293602,"price":"16956.50","qty":"0.100","quoteQty":"1695.65","time":1669978903612,"isBuyerMaker":false},{"id":3117293603,"price":"16956.50","qty":"0.005","quoteQty":"84.78","time":1669978903612,"isBuyerMaker":false},{"id":3117293604,"price":"16956.50","qty":"0.013","quoteQty":"220.43","time":1669978903612,"isBuyerMaker":false},{"id":3117293605,"price":"16956.60","qty":"0.050","quoteQty":"847.83","time":1669978903629,"isBuyerMaker":false},{"id":3117293606,"price":"16956.60","qty":"0.006","quoteQty":"101.73","time":1669978903632,"isBuyerMaker":false},{"id":3117293607,"price":"16956.60","qty":"0.013","quoteQty":"220.43","time":1669978903632,"isBuyerMaker":false},{"id":3117293608,"price":"16956.70","qty":"0.001","quoteQty":"16.95","time":1669978903632,"isBuyerMaker":false},{"id":3117293609,"price":"16956.80","qty":"0.056","quoteQty":"949.58","time":1669978903632,"isBuyerMaker":false},{"id":3117293610,"price":"16956.80","qty":"0.295","quoteQty":"5002.25","time":1669978903632,"isBuyerMaker":false},{"id":3117293611,"price":"16956.90","qty":"0.001","quoteQty":"16.95","time":1669978903632,"isBuyerMaker":false},{"id":3117293612,"price":"16956.90","qty":"0.002","quoteQty":"33.91","time":1669978903632,"isBuyerMaker":false},{"id":3117293613,"price":"16956.90","qty":"0.001","quoteQty":"16.95","time":1669978903632,"isBuyerMaker":false},{"id":3117293614,"price":"16957.10","qty":"0.008","quoteQty":"135.65","time":1669978903632,"isBuyerMaker":false},{"id":3117293615,"price":"16957.20","qty":"0.047","quoteQty":"796.98","time":1669978903632,"isBuyerMaker":false},{"id":3117293616,"price":"16957.20","qty":"0.300","quoteQty":"5087.16","time":1669978903632,"isBuyerMaker":false},{"id":3117293617,"price":"16957.20","qty":"0.117","quoteQty":"1983.99","time":1669978903632,"isBuyerMaker":false},{"id":3117293618,"price":"16957.20","qty":"0.001","quoteQty":"16.95","time":1669978903632,"isBuyerMaker":false},{"id":3117293619,"price":"16957.20","qty":"0.104","quoteQty":"1763.54","time":1669978903632,"isBuyerMaker":false},{"id":3117293620,"price":"16957.20","qty":"0.117","quoteQty":"1983.99","time":1669978903632,"isBuyerMaker":false},{"id":3117293621,"price":"16957.20","qty":"0.006","quoteQty":"101.74","time":1669978903632,"isBuyerMaker":false},{"id":3117293622,"price":"16957.30","qty":"0.117","quoteQty":"1984.00","time":1669978903632,"isBuyerMaker":false},{"id":3117293623,"price":"16957.30","qty":"0.117","quoteQty":"1984.00","time":1669978903632,"isBuyerMaker":false},{"id":3117293624,"price":"16957.30","qty":"0.117","quoteQty":"1984.00","time":1669978903632,"isBuyerMaker":false},{"id":3117293625,"price":"16957.30","qty":"0.115","quoteQty":"1950.08","time":1669978903632,"isBuyerMaker":false},{"id":3117293626,"price":"16957.40","qty":"0.117","quoteQty":"1984.01","time":1669978903632,"isBuyerMaker":false},{"id":3117293627,"price":"16957.40","qty":"0.117","quoteQty":"1984.01","time":1669978903632,"isBuyerMaker":false},{"id":3117293628,"price":"16957.40","qty":"0.117","quoteQty":"1984.01","time":1669978903632,"isBuyerMaker":false},{"id":3117293629,"price":"16957.40","qty":"0.177","quoteQty":"3001.45","time":1669978903632,"isBuyerMaker":false},{"id":3117293630,"price":"16957.50","qty":"0.010","quoteQty":"169.57","time":1669978903632,"isBuyerMaker":false},{"id":3117293631,"price":"16957.70","qty":"0.020","quoteQty":"339.15","time":1669978903632,"isBuyerMaker":false},{"id":3117293632,"price":"16957.70","qty":"0.196","quoteQty":"3323.70","time":1669978903632,"isBuyerMaker":false},{"id":3117293633,"price":"16957.80","qty":"0.414","quoteQty":"7020.52","time":1669978903632,"isBuyerMaker":false},{"id":3117293634,"price":"16957.80","qty":"0.001","quoteQty":"16.95","time":1669978903645,"isBuyerMaker":false},{"id":3117293635,"price":"16957.80","qty":"0.012","quoteQty":"203.49","time":1669978904762,"isBuyerMaker":false},{"id":3117293636,"price":"16957.80","qty":"0.017","quoteQty":"288.28","time":1669978904762,"isBuyerMaker":false},{"id":3117293637,"price":"16957.70","qty":"0.008","quoteQty":"135.66","time":1669978905015,"isBuyerMaker":true},{"id":3117293638,"price":"16957.70","qty":"0.006","quoteQty":"101.74","time":1669978905540,"isBuyerMaker":true},{"id":3117293639,"price":"16957.70","qty":"0.006","quoteQty":"101.74","time":1669978905560,"isBuyerMaker":true},{"id":3117293640,"price":"16957.70","qty":"0.004","quoteQty":"67.83","time":1669978906245,"isBuyerMaker":true},{"id":3117293641,"price":"16957.70","qty":"0.470","quoteQty":"7970.11","time":1669978906447,"isBuyerMaker":true},{"id":3117293642,"price":"16957.70","qty":"0.087","quoteQty":"1475.31","time":1669978906447,"isBuyerMaker":true},{"id":3117293643,"price":"16957.70","qty":"0.063","quoteQty":"1068.33","time":1669978906447,"isBuyerMaker":true},{"id":3117293644,"price":"16957.70","qty":"0.013","quoteQty":"220.45","time":1669978906475,"isBuyerMaker":true},{"id":3117293645,"price":"16957.70","qty":"0.002","quoteQty":"33.91","time":1669978906641,"isBuyerMaker":true},{"id":3117293646,"price":"16957.80","qty":"0.010","quoteQty":"169.57","time":1669978907303,"isBuyerMaker":false},{"id":3117293647,"price":"16957.70","qty":"0.001","quoteQty":"16.95","time":1669978908355,"isBuyerMaker":true},{"id":3117293648,"price":"16957.70","qty":"0.002","quoteQty":"33.91","time":1669978908403,"isBuyerMaker":true},{"id":3117293649,"price":"16957.70","qty":"0.009","quoteQty":"152.61","time":1669978908403,"isBuyerMaker":true},{"id":3117293650,"price":"16957.80","qty":"0.002","quoteQty":"33.91","time":1669978908731,"isBuyerMaker":false},{"id":3117293651,"price":"16957.80","qty":"0.003","quoteQty":"50.87","time":1669978908906,"isBuyerMaker":false},{"id":3117293652,"price":"16957.80","qty":"0.016","quoteQty":"271.32","time":1669978908906,"isBuyerMaker":false},{"id":3117293653,"price":"16957.70","qty":"0.010","quoteQty":"169.57","time":1669978909068,"isBuyerMaker":true},{"id":3117293654,"price":"16957.80","qty":"0.001","quoteQty":"16.95","time":1669978909215,"isBuyerMaker":false},{"id":3117293655,"price":"16957.80","qty":"0.012","quoteQty":"203.49","time":1669978909293,"isBuyerMaker":false},{"id":3117293656,"price":"16957.80","qty":"0.207","quoteQty":"3510.26","time":1669978909458,"isBuyerMaker":false},{"id":3117293657,"price":"16957.80","qty":"0.050","quoteQty":"847.89","time":1669978909458,"isBuyerMaker":false},{"id":3117293658,"price":"16957.80","qty":"0.155","quoteQty":"2628.45","time":1669978909458,"isBuyerMaker":false},{"id":3117293659,"price":"16957.80","qty":"0.287","quoteQty":"4866.88","time":1669978909459,"isBuyerMaker":false},{"id":3117293660,"price":"16957.80","qty":"0.008","quoteQty":"135.66","time":1669978909459,"isBuyerMaker":false}